%YAML 1.1
%TAG !u! tag:unity3d.com,2011:
--- !u!1 &3217222735271556502
GameObject:
  m_ObjectHideFlags: 0
  m_CorrespondingSourceObject: {fileID: 0}
  m_PrefabInstance: {fileID: 0}
  m_PrefabAsset: {fileID: 0}
  serializedVersion: 6
  m_Component:
  - component: {fileID: 6127221057758261204}
  - component: {fileID: 3289519698810859483}
  - component: {fileID: 6828183907744208597}
  - component: {fileID: 2511577531518513730}
  m_Layer: 0
  m_Name: GrassLine1 1
  m_TagString: Untagged
  m_Icon: {fileID: 0}
  m_NavMeshLayer: 0
  m_StaticEditorFlags: 0
  m_IsActive: 1
--- !u!4 &6127221057758261204
Transform:
  m_ObjectHideFlags: 0
  m_CorrespondingSourceObject: {fileID: 0}
  m_PrefabInstance: {fileID: 0}
  m_PrefabAsset: {fileID: 0}
  m_GameObject: {fileID: 3217222735271556502}
  m_LocalRotation: {x: 0, y: 0, z: 0, w: 1}
  m_LocalPosition: {x: 0, y: 0, z: 0}
  m_LocalScale: {x: 1, y: 1, z: 30}
  m_ConstrainProportionsScale: 0
  m_Children:
  - {fileID: 4710518771572793303}
  - {fileID: 79466264972435282}
  - {fileID: 3939214617475269019}
  - {fileID: 1505967405779793607}
  - {fileID: 8753704231057073913}
  - {fileID: 5297506113995619656}
  - {fileID: 9033165568574824458}
  - {fileID: 7703207852563046620}
  - {fileID: 816630860660857455}
  - {fileID: 3296436446044640991}
  - {fileID: 5316889648720743948}
  - {fileID: 7337024770202907363}
  - {fileID: 6188239140134958823}
  - {fileID: 8365271661093629317}
  m_Father: {fileID: 0}
  m_RootOrder: 0
  m_LocalEulerAnglesHint: {x: 0, y: 0, z: 0}
--- !u!33 &3289519698810859483
MeshFilter:
  m_ObjectHideFlags: 0
  m_CorrespondingSourceObject: {fileID: 0}
  m_PrefabInstance: {fileID: 0}
  m_PrefabAsset: {fileID: 0}
  m_GameObject: {fileID: 3217222735271556502}
  m_Mesh: {fileID: 10202, guid: 0000000000000000e000000000000000, type: 0}
--- !u!23 &6828183907744208597
MeshRenderer:
  m_ObjectHideFlags: 0
  m_CorrespondingSourceObject: {fileID: 0}
  m_PrefabInstance: {fileID: 0}
  m_PrefabAsset: {fileID: 0}
  m_GameObject: {fileID: 3217222735271556502}
  m_Enabled: 1
  m_CastShadows: 1
  m_ReceiveShadows: 1
  m_DynamicOccludee: 1
  m_StaticShadowCaster: 0
  m_MotionVectors: 1
  m_LightProbeUsage: 1
  m_ReflectionProbeUsage: 1
  m_RayTracingMode: 2
  m_RayTraceProcedural: 0
  m_RenderingLayerMask: 1
  m_RendererPriority: 0
  m_Materials:
  - {fileID: 10303, guid: 0000000000000000f000000000000000, type: 0}
  m_StaticBatchInfo:
    firstSubMesh: 0
    subMeshCount: 0
  m_StaticBatchRoot: {fileID: 0}
  m_ProbeAnchor: {fileID: 0}
  m_LightProbeVolumeOverride: {fileID: 0}
  m_ScaleInLightmap: 1
  m_ReceiveGI: 1
  m_PreserveUVs: 0
  m_IgnoreNormalsForChartDetection: 0
  m_ImportantGI: 0
  m_StitchLightmapSeams: 1
  m_SelectedEditorRenderState: 3
  m_MinimumChartSize: 4
  m_AutoUVMaxDistance: 0.5
  m_AutoUVMaxAngle: 89
  m_LightmapParameters: {fileID: 0}
  m_SortingLayerID: 0
  m_SortingLayer: 0
  m_SortingOrder: 0
  m_AdditionalVertexStreams: {fileID: 0}
--- !u!65 &2511577531518513730
BoxCollider:
  m_ObjectHideFlags: 0
  m_CorrespondingSourceObject: {fileID: 0}
  m_PrefabInstance: {fileID: 0}
  m_PrefabAsset: {fileID: 0}
  m_GameObject: {fileID: 3217222735271556502}
  m_Material: {fileID: 0}
  m_IsTrigger: 0
  m_Enabled: 1
  serializedVersion: 2
  m_Size: {x: 1, y: 1, z: 1}
  m_Center: {x: 0, y: 0, z: 0}
--- !u!1001 &189103280250181308
PrefabInstance:
  m_ObjectHideFlags: 0
  serializedVersion: 2
  m_Modification:
    m_TransformParent: {fileID: 6127221057758261204}
    m_Modifications:
    - target: {fileID: 5451109223519273330, guid: 8823fdc7727de364ca0fa5d2baed8910, type: 3}
      propertyPath: m_Name
      value: Tree (10)
      objectReference: {fileID: 0}
    - target: {fileID: 6304721549299933275, guid: 8823fdc7727de364ca0fa5d2baed8910, type: 3}
      propertyPath: m_RootOrder
      value: 12
      objectReference: {fileID: 0}
    - target: {fileID: 6304721549299933275, guid: 8823fdc7727de364ca0fa5d2baed8910, type: 3}
      propertyPath: m_LocalScale.z
      value: 0.033333335
      objectReference: {fileID: 0}
    - target: {fileID: 6304721549299933275, guid: 8823fdc7727de364ca0fa5d2baed8910, type: 3}
      propertyPath: m_LocalPosition.x
      value: 0
      objectReference: {fileID: 0}
    - target: {fileID: 6304721549299933275, guid: 8823fdc7727de364ca0fa5d2baed8910, type: 3}
      propertyPath: m_LocalPosition.y
      value: 1.5
      objectReference: {fileID: 0}
    - target: {fileID: 6304721549299933275, guid: 8823fdc7727de364ca0fa5d2baed8910, type: 3}
      propertyPath: m_LocalPosition.z
      value: 0.33333334
      objectReference: {fileID: 0}
    - target: {fileID: 6304721549299933275, guid: 8823fdc7727de364ca0fa5d2baed8910, type: 3}
      propertyPath: m_LocalRotation.w
      value: 1
      objectReference: {fileID: 0}
    - target: {fileID: 6304721549299933275, guid: 8823fdc7727de364ca0fa5d2baed8910, type: 3}
      propertyPath: m_LocalRotation.x
      value: -0
      objectReference: {fileID: 0}
    - target: {fileID: 6304721549299933275, guid: 8823fdc7727de364ca0fa5d2baed8910, type: 3}
      propertyPath: m_LocalRotation.y
      value: -0
      objectReference: {fileID: 0}
    - target: {fileID: 6304721549299933275, guid: 8823fdc7727de364ca0fa5d2baed8910, type: 3}
      propertyPath: m_LocalRotation.z
      value: -0
      objectReference: {fileID: 0}
    - target: {fileID: 6304721549299933275, guid: 8823fdc7727de364ca0fa5d2baed8910, type: 3}
      propertyPath: m_LocalEulerAnglesHint.x
      value: 0
      objectReference: {fileID: 0}
    - target: {fileID: 6304721549299933275, guid: 8823fdc7727de364ca0fa5d2baed8910, type: 3}
      propertyPath: m_LocalEulerAnglesHint.y
      value: 0
      objectReference: {fileID: 0}
    - target: {fileID: 6304721549299933275, guid: 8823fdc7727de364ca0fa5d2baed8910, type: 3}
      propertyPath: m_LocalEulerAnglesHint.z
      value: 0
      objectReference: {fileID: 0}
    m_RemovedComponents: []
  m_SourcePrefab: {fileID: 100100000, guid: 8823fdc7727de364ca0fa5d2baed8910, type: 3}
--- !u!4 &6188239140134958823 stripped
Transform:
  m_CorrespondingSourceObject: {fileID: 6304721549299933275, guid: 8823fdc7727de364ca0fa5d2baed8910, type: 3}
  m_PrefabInstance: {fileID: 189103280250181308}
  m_PrefabAsset: {fileID: 0}
--- !u!1001 &2213444653069790807
PrefabInstance:
  m_ObjectHideFlags: 0
  serializedVersion: 2
  m_Modification:
    m_TransformParent: {fileID: 6127221057758261204}
    m_Modifications:
    - target: {fileID: 5451109223519273330, guid: 8823fdc7727de364ca0fa5d2baed8910, type: 3}
      propertyPath: m_Name
      value: Tree (8)
      objectReference: {fileID: 0}
    - target: {fileID: 6304721549299933275, guid: 8823fdc7727de364ca0fa5d2baed8910, type: 3}
      propertyPath: m_RootOrder
      value: 10
      objectReference: {fileID: 0}
    - target: {fileID: 6304721549299933275, guid: 8823fdc7727de364ca0fa5d2baed8910, type: 3}
      propertyPath: m_LocalScale.z
      value: 0.033333335
      objectReference: {fileID: 0}
    - target: {fileID: 6304721549299933275, guid: 8823fdc7727de364ca0fa5d2baed8910, type: 3}
      propertyPath: m_LocalPosition.x
      value: 0
      objectReference: {fileID: 0}
    - target: {fileID: 6304721549299933275, guid: 8823fdc7727de364ca0fa5d2baed8910, type: 3}
      propertyPath: m_LocalPosition.y
      value: 1.5
      objectReference: {fileID: 0}
    - target: {fileID: 6304721549299933275, guid: 8823fdc7727de364ca0fa5d2baed8910, type: 3}
      propertyPath: m_LocalPosition.z
      value: 0.13333334
      objectReference: {fileID: 0}
    - target: {fileID: 6304721549299933275, guid: 8823fdc7727de364ca0fa5d2baed8910, type: 3}
      propertyPath: m_LocalRotation.w
      value: 1
      objectReference: {fileID: 0}
    - target: {fileID: 6304721549299933275, guid: 8823fdc7727de364ca0fa5d2baed8910, type: 3}
      propertyPath: m_LocalRotation.x
      value: -0
      objectReference: {fileID: 0}
    - target: {fileID: 6304721549299933275, guid: 8823fdc7727de364ca0fa5d2baed8910, type: 3}
      propertyPath: m_LocalRotation.y
      value: -0
      objectReference: {fileID: 0}
    - target: {fileID: 6304721549299933275, guid: 8823fdc7727de364ca0fa5d2baed8910, type: 3}
      propertyPath: m_LocalRotation.z
      value: -0
      objectReference: {fileID: 0}
    - target: {fileID: 6304721549299933275, guid: 8823fdc7727de364ca0fa5d2baed8910, type: 3}
      propertyPath: m_LocalEulerAnglesHint.x
      value: 0
      objectReference: {fileID: 0}
    - target: {fileID: 6304721549299933275, guid: 8823fdc7727de364ca0fa5d2baed8910, type: 3}
      propertyPath: m_LocalEulerAnglesHint.y
      value: 0
      objectReference: {fileID: 0}
    - target: {fileID: 6304721549299933275, guid: 8823fdc7727de364ca0fa5d2baed8910, type: 3}
      propertyPath: m_LocalEulerAnglesHint.z
      value: 0
      objectReference: {fileID: 0}
    m_RemovedComponents: []
  m_SourcePrefab: {fileID: 100100000, guid: 8823fdc7727de364ca0fa5d2baed8910, type: 3}
--- !u!4 &5316889648720743948 stripped
Transform:
  m_CorrespondingSourceObject: {fileID: 6304721549299933275, guid: 8823fdc7727de364ca0fa5d2baed8910, type: 3}
  m_PrefabInstance: {fileID: 2213444653069790807}
  m_PrefabAsset: {fileID: 0}
--- !u!1001 &2232197059663813907
PrefabInstance:
  m_ObjectHideFlags: 0
  serializedVersion: 2
  m_Modification:
    m_TransformParent: {fileID: 6127221057758261204}
    m_Modifications:
    - target: {fileID: 5451109223519273330, guid: 8823fdc7727de364ca0fa5d2baed8910, type: 3}
      propertyPath: m_Name
      value: Tree (3)
      objectReference: {fileID: 0}
    - target: {fileID: 6304721549299933275, guid: 8823fdc7727de364ca0fa5d2baed8910, type: 3}
      propertyPath: m_RootOrder
      value: 5
      objectReference: {fileID: 0}
    - target: {fileID: 6304721549299933275, guid: 8823fdc7727de364ca0fa5d2baed8910, type: 3}
      propertyPath: m_LocalScale.z
      value: 0.033333335
      objectReference: {fileID: 0}
    - target: {fileID: 6304721549299933275, guid: 8823fdc7727de364ca0fa5d2baed8910, type: 3}
      propertyPath: m_LocalPosition.x
      value: 0
      objectReference: {fileID: 0}
    - target: {fileID: 6304721549299933275, guid: 8823fdc7727de364ca0fa5d2baed8910, type: 3}
      propertyPath: m_LocalPosition.y
      value: 1.5
      objectReference: {fileID: 0}
    - target: {fileID: 6304721549299933275, guid: 8823fdc7727de364ca0fa5d2baed8910, type: 3}
      propertyPath: m_LocalPosition.z
      value: -0.3
      objectReference: {fileID: 0}
    - target: {fileID: 6304721549299933275, guid: 8823fdc7727de364ca0fa5d2baed8910, type: 3}
      propertyPath: m_LocalRotation.w
      value: 1
      objectReference: {fileID: 0}
    - target: {fileID: 6304721549299933275, guid: 8823fdc7727de364ca0fa5d2baed8910, type: 3}
      propertyPath: m_LocalRotation.x
      value: -0
      objectReference: {fileID: 0}
    - target: {fileID: 6304721549299933275, guid: 8823fdc7727de364ca0fa5d2baed8910, type: 3}
      propertyPath: m_LocalRotation.y
      value: -0
      objectReference: {fileID: 0}
    - target: {fileID: 6304721549299933275, guid: 8823fdc7727de364ca0fa5d2baed8910, type: 3}
      propertyPath: m_LocalRotation.z
      value: -0
      objectReference: {fileID: 0}
    - target: {fileID: 6304721549299933275, guid: 8823fdc7727de364ca0fa5d2baed8910, type: 3}
      propertyPath: m_LocalEulerAnglesHint.x
      value: 0
      objectReference: {fileID: 0}
    - target: {fileID: 6304721549299933275, guid: 8823fdc7727de364ca0fa5d2baed8910, type: 3}
      propertyPath: m_LocalEulerAnglesHint.y
      value: 0
      objectReference: {fileID: 0}
    - target: {fileID: 6304721549299933275, guid: 8823fdc7727de364ca0fa5d2baed8910, type: 3}
      propertyPath: m_LocalEulerAnglesHint.z
      value: 0
      objectReference: {fileID: 0}
    m_RemovedComponents: []
  m_SourcePrefab: {fileID: 100100000, guid: 8823fdc7727de364ca0fa5d2baed8910, type: 3}
--- !u!4 &5297506113995619656 stripped
Transform:
  m_CorrespondingSourceObject: {fileID: 6304721549299933275, guid: 8823fdc7727de364ca0fa5d2baed8910, type: 3}
  m_PrefabInstance: {fileID: 2232197059663813907}
  m_PrefabAsset: {fileID: 0}
--- !u!1001 &2551769234462297566
PrefabInstance:
  m_ObjectHideFlags: 0
  serializedVersion: 2
  m_Modification:
    m_TransformParent: {fileID: 6127221057758261204}
    m_Modifications:
    - target: {fileID: 5451109223519273330, guid: 8823fdc7727de364ca0fa5d2baed8910, type: 3}
      propertyPath: m_Name
      value: Tree (11)
      objectReference: {fileID: 0}
    - target: {fileID: 6304721549299933275, guid: 8823fdc7727de364ca0fa5d2baed8910, type: 3}
      propertyPath: m_RootOrder
      value: 13
      objectReference: {fileID: 0}
    - target: {fileID: 6304721549299933275, guid: 8823fdc7727de364ca0fa5d2baed8910, type: 3}
      propertyPath: m_LocalScale.z
      value: 0.033333335
      objectReference: {fileID: 0}
    - target: {fileID: 6304721549299933275, guid: 8823fdc7727de364ca0fa5d2baed8910, type: 3}
      propertyPath: m_LocalPosition.x
      value: 0
      objectReference: {fileID: 0}
    - target: {fileID: 6304721549299933275, guid: 8823fdc7727de364ca0fa5d2baed8910, type: 3}
      propertyPath: m_LocalPosition.y
      value: 1.5
      objectReference: {fileID: 0}
    - target: {fileID: 6304721549299933275, guid: 8823fdc7727de364ca0fa5d2baed8910, type: 3}
      propertyPath: m_LocalPosition.z
      value: 0.43333337
      objectReference: {fileID: 0}
    - target: {fileID: 6304721549299933275, guid: 8823fdc7727de364ca0fa5d2baed8910, type: 3}
      propertyPath: m_LocalRotation.w
      value: 1
      objectReference: {fileID: 0}
    - target: {fileID: 6304721549299933275, guid: 8823fdc7727de364ca0fa5d2baed8910, type: 3}
      propertyPath: m_LocalRotation.x
      value: -0
      objectReference: {fileID: 0}
    - target: {fileID: 6304721549299933275, guid: 8823fdc7727de364ca0fa5d2baed8910, type: 3}
      propertyPath: m_LocalRotation.y
      value: -0
      objectReference: {fileID: 0}
    - target: {fileID: 6304721549299933275, guid: 8823fdc7727de364ca0fa5d2baed8910, type: 3}
      propertyPath: m_LocalRotation.z
      value: -0
      objectReference: {fileID: 0}
    - target: {fileID: 6304721549299933275, guid: 8823fdc7727de364ca0fa5d2baed8910, type: 3}
      propertyPath: m_LocalEulerAnglesHint.x
      value: 0
      objectReference: {fileID: 0}
    - target: {fileID: 6304721549299933275, guid: 8823fdc7727de364ca0fa5d2baed8910, type: 3}
      propertyPath: m_LocalEulerAnglesHint.y
      value: 0
      objectReference: {fileID: 0}
    - target: {fileID: 6304721549299933275, guid: 8823fdc7727de364ca0fa5d2baed8910, type: 3}
      propertyPath: m_LocalEulerAnglesHint.z
      value: 0
      objectReference: {fileID: 0}
    m_RemovedComponents: []
  m_SourcePrefab: {fileID: 100100000, guid: 8823fdc7727de364ca0fa5d2baed8910, type: 3}
--- !u!4 &8365271661093629317 stripped
Transform:
  m_CorrespondingSourceObject: {fileID: 6304721549299933275, guid: 8823fdc7727de364ca0fa5d2baed8910, type: 3}
  m_PrefabInstance: {fileID: 2551769234462297566}
  m_PrefabAsset: {fileID: 0}
--- !u!1001 &2696827537172238417
PrefabInstance:
  m_ObjectHideFlags: 0
  serializedVersion: 2
  m_Modification:
    m_TransformParent: {fileID: 6127221057758261204}
    m_Modifications:
    - target: {fileID: 6906318502374121929, guid: 69d68e2ebabfbbd44a38cfb1c66008d9, type: 3}
      propertyPath: m_Name
      value: Stone
      objectReference: {fileID: 0}
    - target: {fileID: 7219852423253413766, guid: 69d68e2ebabfbbd44a38cfb1c66008d9, type: 3}
      propertyPath: m_RootOrder
      value: 0
      objectReference: {fileID: 0}
    - target: {fileID: 7219852423253413766, guid: 69d68e2ebabfbbd44a38cfb1c66008d9, type: 3}
      propertyPath: m_LocalScale.z
      value: 0.033333335
      objectReference: {fileID: 0}
    - target: {fileID: 7219852423253413766, guid: 69d68e2ebabfbbd44a38cfb1c66008d9, type: 3}
      propertyPath: m_LocalPosition.x
      value: 0
      objectReference: {fileID: 0}
    - target: {fileID: 7219852423253413766, guid: 69d68e2ebabfbbd44a38cfb1c66008d9, type: 3}
      propertyPath: m_LocalPosition.y
      value: 0.514
      objectReference: {fileID: 0}
    - target: {fileID: 7219852423253413766, guid: 69d68e2ebabfbbd44a38cfb1c66008d9, type: 3}
      propertyPath: m_LocalPosition.z
      value: -0.4666667
      objectReference: {fileID: 0}
    - target: {fileID: 7219852423253413766, guid: 69d68e2ebabfbbd44a38cfb1c66008d9, type: 3}
      propertyPath: m_LocalRotation.w
      value: 1
      objectReference: {fileID: 0}
    - target: {fileID: 7219852423253413766, guid: 69d68e2ebabfbbd44a38cfb1c66008d9, type: 3}
      propertyPath: m_LocalRotation.x
      value: -0
      objectReference: {fileID: 0}
    - target: {fileID: 7219852423253413766, guid: 69d68e2ebabfbbd44a38cfb1c66008d9, type: 3}
      propertyPath: m_LocalRotation.y
      value: -0
      objectReference: {fileID: 0}
    - target: {fileID: 7219852423253413766, guid: 69d68e2ebabfbbd44a38cfb1c66008d9, type: 3}
      propertyPath: m_LocalRotation.z
      value: -0
      objectReference: {fileID: 0}
    - target: {fileID: 7219852423253413766, guid: 69d68e2ebabfbbd44a38cfb1c66008d9, type: 3}
      propertyPath: m_LocalEulerAnglesHint.x
      value: 0
      objectReference: {fileID: 0}
    - target: {fileID: 7219852423253413766, guid: 69d68e2ebabfbbd44a38cfb1c66008d9, type: 3}
      propertyPath: m_LocalEulerAnglesHint.y
      value: 0
      objectReference: {fileID: 0}
    - target: {fileID: 7219852423253413766, guid: 69d68e2ebabfbbd44a38cfb1c66008d9, type: 3}
      propertyPath: m_LocalEulerAnglesHint.z
      value: 0
      objectReference: {fileID: 0}
    m_RemovedComponents: []
  m_SourcePrefab: {fileID: 100100000, guid: 69d68e2ebabfbbd44a38cfb1c66008d9, type: 3}
--- !u!4 &4710518771572793303 stripped
Transform:
  m_CorrespondingSourceObject: {fileID: 7219852423253413766, guid: 69d68e2ebabfbbd44a38cfb1c66008d9, type: 3}
  m_PrefabInstance: {fileID: 2696827537172238417}
  m_PrefabAsset: {fileID: 0}
--- !u!1001 &3036163792065314897
PrefabInstance:
  m_ObjectHideFlags: 0
  serializedVersion: 2
  m_Modification:
    m_TransformParent: {fileID: 6127221057758261204}
    m_Modifications:
    - target: {fileID: 5451109223519273330, guid: 8823fdc7727de364ca0fa5d2baed8910, type: 3}
      propertyPath: m_Name
      value: Tree (4)
      objectReference: {fileID: 0}
    - target: {fileID: 6304721549299933275, guid: 8823fdc7727de364ca0fa5d2baed8910, type: 3}
      propertyPath: m_RootOrder
      value: 6
      objectReference: {fileID: 0}
    - target: {fileID: 6304721549299933275, guid: 8823fdc7727de364ca0fa5d2baed8910, type: 3}
      propertyPath: m_LocalScale.z
      value: 0.033333335
      objectReference: {fileID: 0}
    - target: {fileID: 6304721549299933275, guid: 8823fdc7727de364ca0fa5d2baed8910, type: 3}
      propertyPath: m_LocalPosition.x
      value: 0
      objectReference: {fileID: 0}
    - target: {fileID: 6304721549299933275, guid: 8823fdc7727de364ca0fa5d2baed8910, type: 3}
      propertyPath: m_LocalPosition.y
      value: 1.5
      objectReference: {fileID: 0}
    - target: {fileID: 6304721549299933275, guid: 8823fdc7727de364ca0fa5d2baed8910, type: 3}
      propertyPath: m_LocalPosition.z
      value: -0.26666668
      objectReference: {fileID: 0}
    - target: {fileID: 6304721549299933275, guid: 8823fdc7727de364ca0fa5d2baed8910, type: 3}
      propertyPath: m_LocalRotation.w
      value: 1
      objectReference: {fileID: 0}
    - target: {fileID: 6304721549299933275, guid: 8823fdc7727de364ca0fa5d2baed8910, type: 3}
      propertyPath: m_LocalRotation.x
      value: -0
      objectReference: {fileID: 0}
    - target: {fileID: 6304721549299933275, guid: 8823fdc7727de364ca0fa5d2baed8910, type: 3}
      propertyPath: m_LocalRotation.y
      value: -0
      objectReference: {fileID: 0}
    - target: {fileID: 6304721549299933275, guid: 8823fdc7727de364ca0fa5d2baed8910, type: 3}
      propertyPath: m_LocalRotation.z
      value: -0
      objectReference: {fileID: 0}
    - target: {fileID: 6304721549299933275, guid: 8823fdc7727de364ca0fa5d2baed8910, type: 3}
      propertyPath: m_LocalEulerAnglesHint.x
      value: 0
      objectReference: {fileID: 0}
    - target: {fileID: 6304721549299933275, guid: 8823fdc7727de364ca0fa5d2baed8910, type: 3}
      propertyPath: m_LocalEulerAnglesHint.y
      value: 0
      objectReference: {fileID: 0}
    - target: {fileID: 6304721549299933275, guid: 8823fdc7727de364ca0fa5d2baed8910, type: 3}
      propertyPath: m_LocalEulerAnglesHint.z
      value: 0
      objectReference: {fileID: 0}
    m_RemovedComponents: []
  m_SourcePrefab: {fileID: 100100000, guid: 8823fdc7727de364ca0fa5d2baed8910, type: 3}
--- !u!4 &9033165568574824458 stripped
Transform:
  m_CorrespondingSourceObject: {fileID: 6304721549299933275, guid: 8823fdc7727de364ca0fa5d2baed8910, type: 3}
  m_PrefabInstance: {fileID: 3036163792065314897}
  m_PrefabAsset: {fileID: 0}
--- !u!1001 &3316260411350206114
PrefabInstance:
  m_ObjectHideFlags: 0
  serializedVersion: 2
  m_Modification:
    m_TransformParent: {fileID: 6127221057758261204}
    m_Modifications:
    - target: {fileID: 5451109223519273330, guid: 8823fdc7727de364ca0fa5d2baed8910, type: 3}
      propertyPath: m_Name
      value: Tree (2)
      objectReference: {fileID: 0}
    - target: {fileID: 6304721549299933275, guid: 8823fdc7727de364ca0fa5d2baed8910, type: 3}
      propertyPath: m_RootOrder
      value: 4
      objectReference: {fileID: 0}
    - target: {fileID: 6304721549299933275, guid: 8823fdc7727de364ca0fa5d2baed8910, type: 3}
      propertyPath: m_LocalScale.z
      value: 0.033333335
      objectReference: {fileID: 0}
    - target: {fileID: 6304721549299933275, guid: 8823fdc7727de364ca0fa5d2baed8910, type: 3}
      propertyPath: m_LocalPosition.x
      value: 0
      objectReference: {fileID: 0}
    - target: {fileID: 6304721549299933275, guid: 8823fdc7727de364ca0fa5d2baed8910, type: 3}
      propertyPath: m_LocalPosition.y
      value: 1.5
      objectReference: {fileID: 0}
    - target: {fileID: 6304721549299933275, guid: 8823fdc7727de364ca0fa5d2baed8910, type: 3}
      propertyPath: m_LocalPosition.z
      value: -0.33333334
      objectReference: {fileID: 0}
    - target: {fileID: 6304721549299933275, guid: 8823fdc7727de364ca0fa5d2baed8910, type: 3}
      propertyPath: m_LocalRotation.w
      value: 1
      objectReference: {fileID: 0}
    - target: {fileID: 6304721549299933275, guid: 8823fdc7727de364ca0fa5d2baed8910, type: 3}
      propertyPath: m_LocalRotation.x
      value: -0
      objectReference: {fileID: 0}
    - target: {fileID: 6304721549299933275, guid: 8823fdc7727de364ca0fa5d2baed8910, type: 3}
      propertyPath: m_LocalRotation.y
      value: -0
      objectReference: {fileID: 0}
    - target: {fileID: 6304721549299933275, guid: 8823fdc7727de364ca0fa5d2baed8910, type: 3}
      propertyPath: m_LocalRotation.z
      value: -0
      objectReference: {fileID: 0}
    - target: {fileID: 6304721549299933275, guid: 8823fdc7727de364ca0fa5d2baed8910, type: 3}
      propertyPath: m_LocalEulerAnglesHint.x
      value: 0
      objectReference: {fileID: 0}
    - target: {fileID: 6304721549299933275, guid: 8823fdc7727de364ca0fa5d2baed8910, type: 3}
      propertyPath: m_LocalEulerAnglesHint.y
      value: 0
      objectReference: {fileID: 0}
    - target: {fileID: 6304721549299933275, guid: 8823fdc7727de364ca0fa5d2baed8910, type: 3}
      propertyPath: m_LocalEulerAnglesHint.z
      value: 0
      objectReference: {fileID: 0}
    m_RemovedComponents: []
  m_SourcePrefab: {fileID: 100100000, guid: 8823fdc7727de364ca0fa5d2baed8910, type: 3}
--- !u!4 &8753704231057073913 stripped
Transform:
  m_CorrespondingSourceObject: {fileID: 6304721549299933275, guid: 8823fdc7727de364ca0fa5d2baed8910, type: 3}
  m_PrefabInstance: {fileID: 3316260411350206114}
  m_PrefabAsset: {fileID: 0}
--- !u!1001 &3651442929893528248
PrefabInstance:
  m_ObjectHideFlags: 0
  serializedVersion: 2
  m_Modification:
    m_TransformParent: {fileID: 6127221057758261204}
    m_Modifications:
    - target: {fileID: 5451109223519273330, guid: 8823fdc7727de364ca0fa5d2baed8910, type: 3}
      propertyPath: m_Name
      value: Tree (9)
      objectReference: {fileID: 0}
    - target: {fileID: 6304721549299933275, guid: 8823fdc7727de364ca0fa5d2baed8910, type: 3}
      propertyPath: m_RootOrder
      value: 11
      objectReference: {fileID: 0}
    - target: {fileID: 6304721549299933275, guid: 8823fdc7727de364ca0fa5d2baed8910, type: 3}
      propertyPath: m_LocalScale.z
      value: 0.033333335
      objectReference: {fileID: 0}
    - target: {fileID: 6304721549299933275, guid: 8823fdc7727de364ca0fa5d2baed8910, type: 3}
      propertyPath: m_LocalPosition.x
      value: 0
      objectReference: {fileID: 0}
    - target: {fileID: 6304721549299933275, guid: 8823fdc7727de364ca0fa5d2baed8910, type: 3}
      propertyPath: m_LocalPosition.y
      value: 1.5
      objectReference: {fileID: 0}
    - target: {fileID: 6304721549299933275, guid: 8823fdc7727de364ca0fa5d2baed8910, type: 3}
      propertyPath: m_LocalPosition.z
      value: 0.3
      objectReference: {fileID: 0}
    - target: {fileID: 6304721549299933275, guid: 8823fdc7727de364ca0fa5d2baed8910, type: 3}
      propertyPath: m_LocalRotation.w
      value: 1
      objectReference: {fileID: 0}
    - target: {fileID: 6304721549299933275, guid: 8823fdc7727de364ca0fa5d2baed8910, type: 3}
      propertyPath: m_LocalRotation.x
      value: -0
      objectReference: {fileID: 0}
    - target: {fileID: 6304721549299933275, guid: 8823fdc7727de364ca0fa5d2baed8910, type: 3}
      propertyPath: m_LocalRotation.y
      value: -0
      objectReference: {fileID: 0}
    - target: {fileID: 6304721549299933275, guid: 8823fdc7727de364ca0fa5d2baed8910, type: 3}
      propertyPath: m_LocalRotation.z
      value: -0
      objectReference: {fileID: 0}
    - target: {fileID: 6304721549299933275, guid: 8823fdc7727de364ca0fa5d2baed8910, type: 3}
      propertyPath: m_LocalEulerAnglesHint.x
      value: 0
      objectReference: {fileID: 0}
    - target: {fileID: 6304721549299933275, guid: 8823fdc7727de364ca0fa5d2baed8910, type: 3}
      propertyPath: m_LocalEulerAnglesHint.y
      value: 0
      objectReference: {fileID: 0}
    - target: {fileID: 6304721549299933275, guid: 8823fdc7727de364ca0fa5d2baed8910, type: 3}
      propertyPath: m_LocalEulerAnglesHint.z
      value: 0
      objectReference: {fileID: 0}
    m_RemovedComponents: []
  m_SourcePrefab: {fileID: 100100000, guid: 8823fdc7727de364ca0fa5d2baed8910, type: 3}
--- !u!4 &7337024770202907363 stripped
Transform:
  m_CorrespondingSourceObject: {fileID: 6304721549299933275, guid: 8823fdc7727de364ca0fa5d2baed8910, type: 3}
  m_PrefabInstance: {fileID: 3651442929893528248}
  m_PrefabAsset: {fileID: 0}
--- !u!1001 &4438742060182323335
PrefabInstance:
  m_ObjectHideFlags: 0
  serializedVersion: 2
  m_Modification:
    m_TransformParent: {fileID: 6127221057758261204}
    m_Modifications:
    - target: {fileID: 5451109223519273330, guid: 8823fdc7727de364ca0fa5d2baed8910, type: 3}
      propertyPath: m_Name
      value: Tree (5)
      objectReference: {fileID: 0}
    - target: {fileID: 6304721549299933275, guid: 8823fdc7727de364ca0fa5d2baed8910, type: 3}
      propertyPath: m_RootOrder
      value: 7
      objectReference: {fileID: 0}
    - target: {fileID: 6304721549299933275, guid: 8823fdc7727de364ca0fa5d2baed8910, type: 3}
      propertyPath: m_LocalScale.z
      value: 0.033333335
      objectReference: {fileID: 0}
    - target: {fileID: 6304721549299933275, guid: 8823fdc7727de364ca0fa5d2baed8910, type: 3}
      propertyPath: m_LocalPosition.x
      value: 0
      objectReference: {fileID: 0}
    - target: {fileID: 6304721549299933275, guid: 8823fdc7727de364ca0fa5d2baed8910, type: 3}
      propertyPath: m_LocalPosition.y
      value: 1.5
      objectReference: {fileID: 0}
    - target: {fileID: 6304721549299933275, guid: 8823fdc7727de364ca0fa5d2baed8910, type: 3}
      propertyPath: m_LocalPosition.z
      value: -0.13333334
      objectReference: {fileID: 0}
    - target: {fileID: 6304721549299933275, guid: 8823fdc7727de364ca0fa5d2baed8910, type: 3}
      propertyPath: m_LocalRotation.w
      value: 1
      objectReference: {fileID: 0}
    - target: {fileID: 6304721549299933275, guid: 8823fdc7727de364ca0fa5d2baed8910, type: 3}
      propertyPath: m_LocalRotation.x
      value: -0
      objectReference: {fileID: 0}
    - target: {fileID: 6304721549299933275, guid: 8823fdc7727de364ca0fa5d2baed8910, type: 3}
      propertyPath: m_LocalRotation.y
      value: -0
      objectReference: {fileID: 0}
    - target: {fileID: 6304721549299933275, guid: 8823fdc7727de364ca0fa5d2baed8910, type: 3}
      propertyPath: m_LocalRotation.z
      value: -0
      objectReference: {fileID: 0}
    - target: {fileID: 6304721549299933275, guid: 8823fdc7727de364ca0fa5d2baed8910, type: 3}
      propertyPath: m_LocalEulerAnglesHint.x
      value: 0
      objectReference: {fileID: 0}
    - target: {fileID: 6304721549299933275, guid: 8823fdc7727de364ca0fa5d2baed8910, type: 3}
      propertyPath: m_LocalEulerAnglesHint.y
      value: 0
      objectReference: {fileID: 0}
    - target: {fileID: 6304721549299933275, guid: 8823fdc7727de364ca0fa5d2baed8910, type: 3}
      propertyPath: m_LocalEulerAnglesHint.z
      value: 0
      objectReference: {fileID: 0}
    m_RemovedComponents: []
  m_SourcePrefab: {fileID: 100100000, guid: 8823fdc7727de364ca0fa5d2baed8910, type: 3}
--- !u!4 &7703207852563046620 stripped
Transform:
  m_CorrespondingSourceObject: {fileID: 6304721549299933275, guid: 8823fdc7727de364ca0fa5d2baed8910, type: 3}
  m_PrefabInstance: {fileID: 4438742060182323335}
  m_PrefabAsset: {fileID: 0}
--- !u!1001 &4870814211730036380
PrefabInstance:
  m_ObjectHideFlags: 0
  serializedVersion: 2
  m_Modification:
    m_TransformParent: {fileID: 6127221057758261204}
    m_Modifications:
    - target: {fileID: 5451109223519273330, guid: 8823fdc7727de364ca0fa5d2baed8910, type: 3}
      propertyPath: m_Name
      value: Tree (1)
      objectReference: {fileID: 0}
    - target: {fileID: 6304721549299933275, guid: 8823fdc7727de364ca0fa5d2baed8910, type: 3}
      propertyPath: m_RootOrder
      value: 3
      objectReference: {fileID: 0}
    - target: {fileID: 6304721549299933275, guid: 8823fdc7727de364ca0fa5d2baed8910, type: 3}
      propertyPath: m_LocalScale.z
      value: 0.033333335
      objectReference: {fileID: 0}
    - target: {fileID: 6304721549299933275, guid: 8823fdc7727de364ca0fa5d2baed8910, type: 3}
      propertyPath: m_LocalPosition.x
      value: 0
      objectReference: {fileID: 0}
    - target: {fileID: 6304721549299933275, guid: 8823fdc7727de364ca0fa5d2baed8910, type: 3}
      propertyPath: m_LocalPosition.y
      value: 1.5
      objectReference: {fileID: 0}
    - target: {fileID: 6304721549299933275, guid: 8823fdc7727de364ca0fa5d2baed8910, type: 3}
      propertyPath: m_LocalPosition.z
      value: -0.36666667
      objectReference: {fileID: 0}
    - target: {fileID: 6304721549299933275, guid: 8823fdc7727de364ca0fa5d2baed8910, type: 3}
      propertyPath: m_LocalRotation.w
      value: 1
      objectReference: {fileID: 0}
    - target: {fileID: 6304721549299933275, guid: 8823fdc7727de364ca0fa5d2baed8910, type: 3}
      propertyPath: m_LocalRotation.x
      value: -0
      objectReference: {fileID: 0}
    - target: {fileID: 6304721549299933275, guid: 8823fdc7727de364ca0fa5d2baed8910, type: 3}
      propertyPath: m_LocalRotation.y
      value: -0
      objectReference: {fileID: 0}
    - target: {fileID: 6304721549299933275, guid: 8823fdc7727de364ca0fa5d2baed8910, type: 3}
      propertyPath: m_LocalRotation.z
      value: -0
      objectReference: {fileID: 0}
    - target: {fileID: 6304721549299933275, guid: 8823fdc7727de364ca0fa5d2baed8910, type: 3}
      propertyPath: m_LocalEulerAnglesHint.x
      value: 0
      objectReference: {fileID: 0}
    - target: {fileID: 6304721549299933275, guid: 8823fdc7727de364ca0fa5d2baed8910, type: 3}
      propertyPath: m_LocalEulerAnglesHint.y
      value: 0
      objectReference: {fileID: 0}
    - target: {fileID: 6304721549299933275, guid: 8823fdc7727de364ca0fa5d2baed8910, type: 3}
      propertyPath: m_LocalEulerAnglesHint.z
      value: 0
      objectReference: {fileID: 0}
    m_RemovedComponents: []
  m_SourcePrefab: {fileID: 100100000, guid: 8823fdc7727de364ca0fa5d2baed8910, type: 3}
--- !u!4 &1505967405779793607 stripped
Transform:
  m_CorrespondingSourceObject: {fileID: 6304721549299933275, guid: 8823fdc7727de364ca0fa5d2baed8910, type: 3}
  m_PrefabInstance: {fileID: 4870814211730036380}
  m_PrefabAsset: {fileID: 0}
--- !u!1001 &6641577621732342324
PrefabInstance:
  m_ObjectHideFlags: 0
  serializedVersion: 2
  m_Modification:
    m_TransformParent: {fileID: 6127221057758261204}
    m_Modifications:
    - target: {fileID: 5451109223519273330, guid: 8823fdc7727de364ca0fa5d2baed8910, type: 3}
      propertyPath: m_Name
      value: Tree (6)
      objectReference: {fileID: 0}
    - target: {fileID: 6304721549299933275, guid: 8823fdc7727de364ca0fa5d2baed8910, type: 3}
      propertyPath: m_RootOrder
      value: 8
      objectReference: {fileID: 0}
    - target: {fileID: 6304721549299933275, guid: 8823fdc7727de364ca0fa5d2baed8910, type: 3}
      propertyPath: m_LocalScale.z
      value: 0.033333335
      objectReference: {fileID: 0}
    - target: {fileID: 6304721549299933275, guid: 8823fdc7727de364ca0fa5d2baed8910, type: 3}
      propertyPath: m_LocalPosition.x
      value: 0
      objectReference: {fileID: 0}
    - target: {fileID: 6304721549299933275, guid: 8823fdc7727de364ca0fa5d2baed8910, type: 3}
      propertyPath: m_LocalPosition.y
      value: 1.5
      objectReference: {fileID: 0}
    - target: {fileID: 6304721549299933275, guid: 8823fdc7727de364ca0fa5d2baed8910, type: 3}
      propertyPath: m_LocalPosition.z
      value: -0.10000001
      objectReference: {fileID: 0}
    - target: {fileID: 6304721549299933275, guid: 8823fdc7727de364ca0fa5d2baed8910, type: 3}
      propertyPath: m_LocalRotation.w
      value: 1
      objectReference: {fileID: 0}
    - target: {fileID: 6304721549299933275, guid: 8823fdc7727de364ca0fa5d2baed8910, type: 3}
      propertyPath: m_LocalRotation.x
      value: -0
      objectReference: {fileID: 0}
    - target: {fileID: 6304721549299933275, guid: 8823fdc7727de364ca0fa5d2baed8910, type: 3}
      propertyPath: m_LocalRotation.y
      value: -0
      objectReference: {fileID: 0}
    - target: {fileID: 6304721549299933275, guid: 8823fdc7727de364ca0fa5d2baed8910, type: 3}
      propertyPath: m_LocalRotation.z
      value: -0
      objectReference: {fileID: 0}
    - target: {fileID: 6304721549299933275, guid: 8823fdc7727de364ca0fa5d2baed8910, type: 3}
      propertyPath: m_LocalEulerAnglesHint.x
      value: 0
      objectReference: {fileID: 0}
    - target: {fileID: 6304721549299933275, guid: 8823fdc7727de364ca0fa5d2baed8910, type: 3}
      propertyPath: m_LocalEulerAnglesHint.y
      value: 0
      objectReference: {fileID: 0}
    - target: {fileID: 6304721549299933275, guid: 8823fdc7727de364ca0fa5d2baed8910, type: 3}
      propertyPath: m_LocalEulerAnglesHint.z
      value: 0
      objectReference: {fileID: 0}
    m_RemovedComponents: []
  m_SourcePrefab: {fileID: 100100000, guid: 8823fdc7727de364ca0fa5d2baed8910, type: 3}
--- !u!4 &816630860660857455 stripped
Transform:
  m_CorrespondingSourceObject: {fileID: 6304721549299933275, guid: 8823fdc7727de364ca0fa5d2baed8910, type: 3}
  m_PrefabInstance: {fileID: 6641577621732342324}
  m_PrefabAsset: {fileID: 0}
--- !u!1001 &7049320934513451456
PrefabInstance:
  m_ObjectHideFlags: 0
  serializedVersion: 2
  m_Modification:
    m_TransformParent: {fileID: 6127221057758261204}
    m_Modifications:
    - target: {fileID: 5451109223519273330, guid: 8823fdc7727de364ca0fa5d2baed8910, type: 3}
      propertyPath: m_Name
      value: Tree
      objectReference: {fileID: 0}
    - target: {fileID: 6304721549299933275, guid: 8823fdc7727de364ca0fa5d2baed8910, type: 3}
      propertyPath: m_RootOrder
      value: 2
      objectReference: {fileID: 0}
    - target: {fileID: 6304721549299933275, guid: 8823fdc7727de364ca0fa5d2baed8910, type: 3}
      propertyPath: m_LocalScale.z
      value: 0.033333335
      objectReference: {fileID: 0}
    - target: {fileID: 6304721549299933275, guid: 8823fdc7727de364ca0fa5d2baed8910, type: 3}
      propertyPath: m_LocalPosition.x
      value: 0
      objectReference: {fileID: 0}
    - target: {fileID: 6304721549299933275, guid: 8823fdc7727de364ca0fa5d2baed8910, type: 3}
      propertyPath: m_LocalPosition.y
      value: 1.5
      objectReference: {fileID: 0}
    - target: {fileID: 6304721549299933275, guid: 8823fdc7727de364ca0fa5d2baed8910, type: 3}
      propertyPath: m_LocalPosition.z
      value: -0.40000004
      objectReference: {fileID: 0}
    - target: {fileID: 6304721549299933275, guid: 8823fdc7727de364ca0fa5d2baed8910, type: 3}
      propertyPath: m_LocalRotation.w
      value: 1
      objectReference: {fileID: 0}
    - target: {fileID: 6304721549299933275, guid: 8823fdc7727de364ca0fa5d2baed8910, type: 3}
      propertyPath: m_LocalRotation.x
      value: -0
      objectReference: {fileID: 0}
    - target: {fileID: 6304721549299933275, guid: 8823fdc7727de364ca0fa5d2baed8910, type: 3}
      propertyPath: m_LocalRotation.y
      value: -0
      objectReference: {fileID: 0}
    - target: {fileID: 6304721549299933275, guid: 8823fdc7727de364ca0fa5d2baed8910, type: 3}
      propertyPath: m_LocalRotation.z
      value: -0
      objectReference: {fileID: 0}
    - target: {fileID: 6304721549299933275, guid: 8823fdc7727de364ca0fa5d2baed8910, type: 3}
      propertyPath: m_LocalEulerAnglesHint.x
      value: 0
      objectReference: {fileID: 0}
    - target: {fileID: 6304721549299933275, guid: 8823fdc7727de364ca0fa5d2baed8910, type: 3}
      propertyPath: m_LocalEulerAnglesHint.y
      value: 0
      objectReference: {fileID: 0}
    - target: {fileID: 6304721549299933275, guid: 8823fdc7727de364ca0fa5d2baed8910, type: 3}
      propertyPath: m_LocalEulerAnglesHint.z
      value: 0
      objectReference: {fileID: 0}
    m_RemovedComponents: []
  m_SourcePrefab: {fileID: 100100000, guid: 8823fdc7727de364ca0fa5d2baed8910, type: 3}
--- !u!4 &3939214617475269019 stripped
Transform:
  m_CorrespondingSourceObject: {fileID: 6304721549299933275, guid: 8823fdc7727de364ca0fa5d2baed8910, type: 3}
  m_PrefabInstance: {fileID: 7049320934513451456}
  m_PrefabAsset: {fileID: 0}
--- !u!1001 &7289150365693137108
PrefabInstance:
  m_ObjectHideFlags: 0
  serializedVersion: 2
  m_Modification:
    m_TransformParent: {fileID: 6127221057758261204}
    m_Modifications:
    - target: {fileID: 6906318502374121929, guid: 69d68e2ebabfbbd44a38cfb1c66008d9, type: 3}
      propertyPath: m_Name
      value: Stone (1)
      objectReference: {fileID: 0}
    - target: {fileID: 7219852423253413766, guid: 69d68e2ebabfbbd44a38cfb1c66008d9, type: 3}
      propertyPath: m_RootOrder
      value: 1
      objectReference: {fileID: 0}
    - target: {fileID: 7219852423253413766, guid: 69d68e2ebabfbbd44a38cfb1c66008d9, type: 3}
      propertyPath: m_LocalScale.z
      value: 0.033333335
      objectReference: {fileID: 0}
    - target: {fileID: 7219852423253413766, guid: 69d68e2ebabfbbd44a38cfb1c66008d9, type: 3}
      propertyPath: m_LocalPosition.x
      value: 0
      objectReference: {fileID: 0}
    - target: {fileID: 7219852423253413766, guid: 69d68e2ebabfbbd44a38cfb1c66008d9, type: 3}
      propertyPath: m_LocalPosition.y
      value: 0.514
      objectReference: {fileID: 0}
    - target: {fileID: 7219852423253413766, guid: 69d68e2ebabfbbd44a38cfb1c66008d9, type: 3}
      propertyPath: m_LocalPosition.z
      value: 0.23333335
      objectReference: {fileID: 0}
    - target: {fileID: 7219852423253413766, guid: 69d68e2ebabfbbd44a38cfb1c66008d9, type: 3}
      propertyPath: m_LocalRotation.w
      value: 1
      objectReference: {fileID: 0}
    - target: {fileID: 7219852423253413766, guid: 69d68e2ebabfbbd44a38cfb1c66008d9, type: 3}
      propertyPath: m_LocalRotation.x
      value: -0
      objectReference: {fileID: 0}
    - target: {fileID: 7219852423253413766, guid: 69d68e2ebabfbbd44a38cfb1c66008d9, type: 3}
      propertyPath: m_LocalRotation.y
      value: -0
      objectReference: {fileID: 0}
    - target: {fileID: 7219852423253413766, guid: 69d68e2ebabfbbd44a38cfb1c66008d9, type: 3}
      propertyPath: m_LocalRotation.z
      value: -0
      objectReference: {fileID: 0}
    - target: {fileID: 7219852423253413766, guid: 69d68e2ebabfbbd44a38cfb1c66008d9, type: 3}
      propertyPath: m_LocalEulerAnglesHint.x
      value: 0
      objectReference: {fileID: 0}
    - target: {fileID: 7219852423253413766, guid: 69d68e2ebabfbbd44a38cfb1c66008d9, type: 3}
      propertyPath: m_LocalEulerAnglesHint.y
      value: 0
      objectReference: {fileID: 0}
    - target: {fileID: 7219852423253413766, guid: 69d68e2ebabfbbd44a38cfb1c66008d9, type: 3}
      propertyPath: m_LocalEulerAnglesHint.z
      value: 0
      objectReference: {fileID: 0}
    m_RemovedComponents: []
  m_SourcePrefab: {fileID: 100100000, guid: 69d68e2ebabfbbd44a38cfb1c66008d9, type: 3}
--- !u!4 &79466264972435282 stripped
Transform:
  m_CorrespondingSourceObject: {fileID: 7219852423253413766, guid: 69d68e2ebabfbbd44a38cfb1c66008d9, type: 3}
  m_PrefabInstance: {fileID: 7289150365693137108}
  m_PrefabAsset: {fileID: 0}
--- !u!1001 &8845515670962681476
PrefabInstance:
  m_ObjectHideFlags: 0
  serializedVersion: 2
  m_Modification:
    m_TransformParent: {fileID: 6127221057758261204}
    m_Modifications:
    - target: {fileID: 5451109223519273330, guid: 8823fdc7727de364ca0fa5d2baed8910, type: 3}
      propertyPath: m_Name
      value: Tree (7)
      objectReference: {fileID: 0}
    - target: {fileID: 6304721549299933275, guid: 8823fdc7727de364ca0fa5d2baed8910, type: 3}
      propertyPath: m_RootOrder
      value: 9
      objectReference: {fileID: 0}
    - target: {fileID: 6304721549299933275, guid: 8823fdc7727de364ca0fa5d2baed8910, type: 3}
      propertyPath: m_LocalScale.z
      value: 0.033333335
      objectReference: {fileID: 0}
    - target: {fileID: 6304721549299933275, guid: 8823fdc7727de364ca0fa5d2baed8910, type: 3}
      propertyPath: m_LocalPosition.x
      value: 0
      objectReference: {fileID: 0}
    - target: {fileID: 6304721549299933275, guid: 8823fdc7727de364ca0fa5d2baed8910, type: 3}
      propertyPath: m_LocalPosition.y
      value: 1.5
      objectReference: {fileID: 0}
    - target: {fileID: 6304721549299933275, guid: 8823fdc7727de364ca0fa5d2baed8910, type: 3}
      propertyPath: m_LocalPosition.z
      value: 0
      objectReference: {fileID: 0}
    - target: {fileID: 6304721549299933275, guid: 8823fdc7727de364ca0fa5d2baed8910, type: 3}
      propertyPath: m_LocalRotation.w
      value: 1
      objectReference: {fileID: 0}
    - target: {fileID: 6304721549299933275, guid: 8823fdc7727de364ca0fa5d2baed8910, type: 3}
      propertyPath: m_LocalRotation.x
      value: -0
      objectReference: {fileID: 0}
    - target: {fileID: 6304721549299933275, guid: 8823fdc7727de364ca0fa5d2baed8910, type: 3}
      propertyPath: m_LocalRotation.y
      value: -0
      objectReference: {fileID: 0}
    - target: {fileID: 6304721549299933275, guid: 8823fdc7727de364ca0fa5d2baed8910, type: 3}
      propertyPath: m_LocalRotation.z
      value: -0
      objectReference: {fileID: 0}
    - target: {fileID: 6304721549299933275, guid: 8823fdc7727de364ca0fa5d2baed8910, type: 3}
      propertyPath: m_LocalEulerAnglesHint.x
      value: 0
      objectReference: {fileID: 0}
    - target: {fileID: 6304721549299933275, guid: 8823fdc7727de364ca0fa5d2baed8910, type: 3}
      propertyPath: m_LocalEulerAnglesHint.y
      value: 0
      objectReference: {fileID: 0}
    - target: {fileID: 6304721549299933275, guid: 8823fdc7727de364ca0fa5d2baed8910, type: 3}
      propertyPath: m_LocalEulerAnglesHint.z
      value: 0
      objectReference: {fileID: 0}
    m_RemovedComponents: []
  m_SourcePrefab: {fileID: 100100000, guid: 8823fdc7727de364ca0fa5d2baed8910, type: 3}
--- !u!4 &3296436446044640991 stripped
Transform:
  m_CorrespondingSourceObject: {fileID: 6304721549299933275, guid: 8823fdc7727de364ca0fa5d2baed8910, type: 3}
  m_PrefabInstance: {fileID: 8845515670962681476}
  m_PrefabAsset: {fileID: 0}
