%YAML 1.1
%TAG !u! tag:unity3d.com,2011:
--- !u!1 &7588118706797795312
GameObject:
  m_ObjectHideFlags: 0
  m_CorrespondingSourceObject: {fileID: 0}
  m_PrefabInstance: {fileID: 0}
  m_PrefabAsset: {fileID: 0}
  serializedVersion: 6
  m_Component:
  - component: {fileID: 1217086650450922930}
  - component: {fileID: 7515679254500298173}
  - component: {fileID: 1957134943572718771}
  - component: {fileID: 7435826438848466980}
  m_Layer: 0
  m_Name: GrassLine2
  m_TagString: Untagged
  m_Icon: {fileID: 0}
  m_NavMeshLayer: 0
  m_StaticEditorFlags: 0
  m_IsActive: 1
--- !u!4 &1217086650450922930
Transform:
  m_ObjectHideFlags: 0
  m_CorrespondingSourceObject: {fileID: 0}
  m_PrefabInstance: {fileID: 0}
  m_PrefabAsset: {fileID: 0}
  m_GameObject: {fileID: 7588118706797795312}
  m_LocalRotation: {x: 0, y: 0, z: 0, w: 1}
  m_LocalPosition: {x: 10, y: 0, z: 0}
  m_LocalScale: {x: 1, y: 1, z: 30}
  m_ConstrainProportionsScale: 0
  m_Children:
  - {fileID: 6973533918240356649}
  - {fileID: 4968003579186593076}
  - {fileID: 5840592207330153633}
  - {fileID: 895991427722190638}
  - {fileID: 4087006710587654764}
  - {fileID: 3390362177872528058}
  - {fileID: 5674244960670054409}
  - {fileID: 7517912618466702521}
  - {fileID: 1155943497550763137}
  m_Father: {fileID: 0}
  m_RootOrder: 0
  m_LocalEulerAnglesHint: {x: 0, y: 0, z: 0}
--- !u!33 &7515679254500298173
MeshFilter:
  m_ObjectHideFlags: 0
  m_CorrespondingSourceObject: {fileID: 0}
  m_PrefabInstance: {fileID: 0}
  m_PrefabAsset: {fileID: 0}
  m_GameObject: {fileID: 7588118706797795312}
  m_Mesh: {fileID: 10202, guid: 0000000000000000e000000000000000, type: 0}
--- !u!23 &1957134943572718771
MeshRenderer:
  m_ObjectHideFlags: 0
  m_CorrespondingSourceObject: {fileID: 0}
  m_PrefabInstance: {fileID: 0}
  m_PrefabAsset: {fileID: 0}
  m_GameObject: {fileID: 7588118706797795312}
  m_Enabled: 1
  m_CastShadows: 1
  m_ReceiveShadows: 1
  m_DynamicOccludee: 1
  m_StaticShadowCaster: 0
  m_MotionVectors: 1
  m_LightProbeUsage: 1
  m_ReflectionProbeUsage: 1
  m_RayTracingMode: 2
  m_RayTraceProcedural: 0
  m_RenderingLayerMask: 1
  m_RendererPriority: 0
  m_Materials:
  - {fileID: 10303, guid: 0000000000000000f000000000000000, type: 0}
  m_StaticBatchInfo:
    firstSubMesh: 0
    subMeshCount: 0
  m_StaticBatchRoot: {fileID: 0}
  m_ProbeAnchor: {fileID: 0}
  m_LightProbeVolumeOverride: {fileID: 0}
  m_ScaleInLightmap: 1
  m_ReceiveGI: 1
  m_PreserveUVs: 0
  m_IgnoreNormalsForChartDetection: 0
  m_ImportantGI: 0
  m_StitchLightmapSeams: 1
  m_SelectedEditorRenderState: 3
  m_MinimumChartSize: 4
  m_AutoUVMaxDistance: 0.5
  m_AutoUVMaxAngle: 89
  m_LightmapParameters: {fileID: 0}
  m_SortingLayerID: 0
  m_SortingLayer: 0
  m_SortingOrder: 0
  m_AdditionalVertexStreams: {fileID: 0}
--- !u!65 &7435826438848466980
BoxCollider:
  m_ObjectHideFlags: 0
  m_CorrespondingSourceObject: {fileID: 0}
  m_PrefabInstance: {fileID: 0}
  m_PrefabAsset: {fileID: 0}
  m_GameObject: {fileID: 7588118706797795312}
  m_Material: {fileID: 0}
  m_IsTrigger: 0
  m_Enabled: 1
  serializedVersion: 2
  m_Size: {x: 1, y: 1, z: 1}
  m_Center: {x: 0, y: 0, z: 0}
--- !u!1001 &464765156649465082
PrefabInstance:
  m_ObjectHideFlags: 0
  serializedVersion: 2
  m_Modification:
    m_TransformParent: {fileID: 1217086650450922930}
    m_Modifications:
    - target: {fileID: 5451109223519273330, guid: 8823fdc7727de364ca0fa5d2baed8910, type: 3}
      propertyPath: m_Name
      value: Tree (1)
      objectReference: {fileID: 0}
    - target: {fileID: 6304721549299933275, guid: 8823fdc7727de364ca0fa5d2baed8910, type: 3}
      propertyPath: m_RootOrder
      value: 2
      objectReference: {fileID: 0}
    - target: {fileID: 6304721549299933275, guid: 8823fdc7727de364ca0fa5d2baed8910, type: 3}
      propertyPath: m_LocalScale.z
      value: 0.033333335
      objectReference: {fileID: 0}
    - target: {fileID: 6304721549299933275, guid: 8823fdc7727de364ca0fa5d2baed8910, type: 3}
      propertyPath: m_LocalPosition.x
      value: 0
      objectReference: {fileID: 0}
    - target: {fileID: 6304721549299933275, guid: 8823fdc7727de364ca0fa5d2baed8910, type: 3}
      propertyPath: m_LocalPosition.y
      value: 1.5
      objectReference: {fileID: 0}
    - target: {fileID: 6304721549299933275, guid: 8823fdc7727de364ca0fa5d2baed8910, type: 3}
      propertyPath: m_LocalPosition.z
      value: -0.36666667
      objectReference: {fileID: 0}
    - target: {fileID: 6304721549299933275, guid: 8823fdc7727de364ca0fa5d2baed8910, type: 3}
      propertyPath: m_LocalRotation.w
      value: 1
      objectReference: {fileID: 0}
    - target: {fileID: 6304721549299933275, guid: 8823fdc7727de364ca0fa5d2baed8910, type: 3}
      propertyPath: m_LocalRotation.x
      value: -0
      objectReference: {fileID: 0}
    - target: {fileID: 6304721549299933275, guid: 8823fdc7727de364ca0fa5d2baed8910, type: 3}
      propertyPath: m_LocalRotation.y
      value: -0
      objectReference: {fileID: 0}
    - target: {fileID: 6304721549299933275, guid: 8823fdc7727de364ca0fa5d2baed8910, type: 3}
      propertyPath: m_LocalRotation.z
      value: -0
      objectReference: {fileID: 0}
    - target: {fileID: 6304721549299933275, guid: 8823fdc7727de364ca0fa5d2baed8910, type: 3}
      propertyPath: m_LocalEulerAnglesHint.x
      value: 0
      objectReference: {fileID: 0}
    - target: {fileID: 6304721549299933275, guid: 8823fdc7727de364ca0fa5d2baed8910, type: 3}
      propertyPath: m_LocalEulerAnglesHint.y
      value: 0
      objectReference: {fileID: 0}
    - target: {fileID: 6304721549299933275, guid: 8823fdc7727de364ca0fa5d2baed8910, type: 3}
      propertyPath: m_LocalEulerAnglesHint.z
      value: 0
      objectReference: {fileID: 0}
    m_RemovedComponents: []
  m_SourcePrefab: {fileID: 100100000, guid: 8823fdc7727de364ca0fa5d2baed8910, type: 3}
--- !u!4 &5840592207330153633 stripped
Transform:
  m_CorrespondingSourceObject: {fileID: 6304721549299933275, guid: 8823fdc7727de364ca0fa5d2baed8910, type: 3}
  m_PrefabInstance: {fileID: 464765156649465082}
  m_PrefabAsset: {fileID: 0}
--- !u!1001 &1855528547637794898
PrefabInstance:
  m_ObjectHideFlags: 0
  serializedVersion: 2
  m_Modification:
    m_TransformParent: {fileID: 1217086650450922930}
    m_Modifications:
    - target: {fileID: 5451109223519273330, guid: 8823fdc7727de364ca0fa5d2baed8910, type: 3}
      propertyPath: m_Name
      value: Tree (6)
      objectReference: {fileID: 0}
    - target: {fileID: 6304721549299933275, guid: 8823fdc7727de364ca0fa5d2baed8910, type: 3}
      propertyPath: m_RootOrder
      value: 6
      objectReference: {fileID: 0}
    - target: {fileID: 6304721549299933275, guid: 8823fdc7727de364ca0fa5d2baed8910, type: 3}
      propertyPath: m_LocalScale.z
      value: 0.033333335
      objectReference: {fileID: 0}
    - target: {fileID: 6304721549299933275, guid: 8823fdc7727de364ca0fa5d2baed8910, type: 3}
      propertyPath: m_LocalPosition.x
      value: 0
      objectReference: {fileID: 0}
    - target: {fileID: 6304721549299933275, guid: 8823fdc7727de364ca0fa5d2baed8910, type: 3}
      propertyPath: m_LocalPosition.y
      value: 1.5
      objectReference: {fileID: 0}
    - target: {fileID: 6304721549299933275, guid: 8823fdc7727de364ca0fa5d2baed8910, type: 3}
      propertyPath: m_LocalPosition.z
      value: -0.10000001
      objectReference: {fileID: 0}
    - target: {fileID: 6304721549299933275, guid: 8823fdc7727de364ca0fa5d2baed8910, type: 3}
      propertyPath: m_LocalRotation.w
      value: 1
      objectReference: {fileID: 0}
    - target: {fileID: 6304721549299933275, guid: 8823fdc7727de364ca0fa5d2baed8910, type: 3}
      propertyPath: m_LocalRotation.x
      value: -0
      objectReference: {fileID: 0}
    - target: {fileID: 6304721549299933275, guid: 8823fdc7727de364ca0fa5d2baed8910, type: 3}
      propertyPath: m_LocalRotation.y
      value: -0
      objectReference: {fileID: 0}
    - target: {fileID: 6304721549299933275, guid: 8823fdc7727de364ca0fa5d2baed8910, type: 3}
      propertyPath: m_LocalRotation.z
      value: -0
      objectReference: {fileID: 0}
    - target: {fileID: 6304721549299933275, guid: 8823fdc7727de364ca0fa5d2baed8910, type: 3}
      propertyPath: m_LocalEulerAnglesHint.x
      value: 0
      objectReference: {fileID: 0}
    - target: {fileID: 6304721549299933275, guid: 8823fdc7727de364ca0fa5d2baed8910, type: 3}
      propertyPath: m_LocalEulerAnglesHint.y
      value: 0
      objectReference: {fileID: 0}
    - target: {fileID: 6304721549299933275, guid: 8823fdc7727de364ca0fa5d2baed8910, type: 3}
      propertyPath: m_LocalEulerAnglesHint.z
      value: 0
      objectReference: {fileID: 0}
    m_RemovedComponents: []
  m_SourcePrefab: {fileID: 100100000, guid: 8823fdc7727de364ca0fa5d2baed8910, type: 3}
--- !u!4 &5674244960670054409 stripped
Transform:
  m_CorrespondingSourceObject: {fileID: 6304721549299933275, guid: 8823fdc7727de364ca0fa5d2baed8910, type: 3}
  m_PrefabInstance: {fileID: 1855528547637794898}
  m_PrefabAsset: {fileID: 0}
--- !u!1001 &2361000464457822898
PrefabInstance:
  m_ObjectHideFlags: 0
  serializedVersion: 2
  m_Modification:
    m_TransformParent: {fileID: 1217086650450922930}
    m_Modifications:
    - target: {fileID: 6906318502374121929, guid: 69d68e2ebabfbbd44a38cfb1c66008d9, type: 3}
      propertyPath: m_Name
      value: Stone (1)
      objectReference: {fileID: 0}
    - target: {fileID: 7219852423253413766, guid: 69d68e2ebabfbbd44a38cfb1c66008d9, type: 3}
      propertyPath: m_RootOrder
      value: 1
      objectReference: {fileID: 0}
    - target: {fileID: 7219852423253413766, guid: 69d68e2ebabfbbd44a38cfb1c66008d9, type: 3}
      propertyPath: m_LocalScale.z
      value: 0.033333335
      objectReference: {fileID: 0}
    - target: {fileID: 7219852423253413766, guid: 69d68e2ebabfbbd44a38cfb1c66008d9, type: 3}
      propertyPath: m_LocalPosition.x
      value: 0
      objectReference: {fileID: 0}
    - target: {fileID: 7219852423253413766, guid: 69d68e2ebabfbbd44a38cfb1c66008d9, type: 3}
      propertyPath: m_LocalPosition.y
      value: 0.514
      objectReference: {fileID: 0}
    - target: {fileID: 7219852423253413766, guid: 69d68e2ebabfbbd44a38cfb1c66008d9, type: 3}
      propertyPath: m_LocalPosition.z
      value: -0.20000002
      objectReference: {fileID: 0}
    - target: {fileID: 7219852423253413766, guid: 69d68e2ebabfbbd44a38cfb1c66008d9, type: 3}
      propertyPath: m_LocalRotation.w
      value: 1
      objectReference: {fileID: 0}
    - target: {fileID: 7219852423253413766, guid: 69d68e2ebabfbbd44a38cfb1c66008d9, type: 3}
      propertyPath: m_LocalRotation.x
      value: -0
      objectReference: {fileID: 0}
    - target: {fileID: 7219852423253413766, guid: 69d68e2ebabfbbd44a38cfb1c66008d9, type: 3}
      propertyPath: m_LocalRotation.y
      value: -0
      objectReference: {fileID: 0}
    - target: {fileID: 7219852423253413766, guid: 69d68e2ebabfbbd44a38cfb1c66008d9, type: 3}
      propertyPath: m_LocalRotation.z
      value: -0
      objectReference: {fileID: 0}
    - target: {fileID: 7219852423253413766, guid: 69d68e2ebabfbbd44a38cfb1c66008d9, type: 3}
      propertyPath: m_LocalEulerAnglesHint.x
      value: 0
      objectReference: {fileID: 0}
    - target: {fileID: 7219852423253413766, guid: 69d68e2ebabfbbd44a38cfb1c66008d9, type: 3}
      propertyPath: m_LocalEulerAnglesHint.y
      value: 0
      objectReference: {fileID: 0}
    - target: {fileID: 7219852423253413766, guid: 69d68e2ebabfbbd44a38cfb1c66008d9, type: 3}
      propertyPath: m_LocalEulerAnglesHint.z
      value: 0
      objectReference: {fileID: 0}
    m_RemovedComponents: []
  m_SourcePrefab: {fileID: 100100000, guid: 69d68e2ebabfbbd44a38cfb1c66008d9, type: 3}
--- !u!4 &4968003579186593076 stripped
Transform:
  m_CorrespondingSourceObject: {fileID: 7219852423253413766, guid: 69d68e2ebabfbbd44a38cfb1c66008d9, type: 3}
  m_PrefabInstance: {fileID: 2361000464457822898}
  m_PrefabAsset: {fileID: 0}
--- !u!1001 &4551489309536392418
PrefabInstance:
  m_ObjectHideFlags: 0
  serializedVersion: 2
  m_Modification:
    m_TransformParent: {fileID: 1217086650450922930}
    m_Modifications:
    - target: {fileID: 5451109223519273330, guid: 8823fdc7727de364ca0fa5d2baed8910, type: 3}
      propertyPath: m_Name
      value: Tree (7)
      objectReference: {fileID: 0}
    - target: {fileID: 6304721549299933275, guid: 8823fdc7727de364ca0fa5d2baed8910, type: 3}
      propertyPath: m_RootOrder
      value: 7
      objectReference: {fileID: 0}
    - target: {fileID: 6304721549299933275, guid: 8823fdc7727de364ca0fa5d2baed8910, type: 3}
      propertyPath: m_LocalScale.z
      value: 0.033333335
      objectReference: {fileID: 0}
    - target: {fileID: 6304721549299933275, guid: 8823fdc7727de364ca0fa5d2baed8910, type: 3}
      propertyPath: m_LocalPosition.x
      value: 0
      objectReference: {fileID: 0}
    - target: {fileID: 6304721549299933275, guid: 8823fdc7727de364ca0fa5d2baed8910, type: 3}
      propertyPath: m_LocalPosition.y
      value: 1.5
      objectReference: {fileID: 0}
    - target: {fileID: 6304721549299933275, guid: 8823fdc7727de364ca0fa5d2baed8910, type: 3}
      propertyPath: m_LocalPosition.z
      value: -0.033333335
      objectReference: {fileID: 0}
    - target: {fileID: 6304721549299933275, guid: 8823fdc7727de364ca0fa5d2baed8910, type: 3}
      propertyPath: m_LocalRotation.w
      value: 1
      objectReference: {fileID: 0}
    - target: {fileID: 6304721549299933275, guid: 8823fdc7727de364ca0fa5d2baed8910, type: 3}
      propertyPath: m_LocalRotation.x
      value: -0
      objectReference: {fileID: 0}
    - target: {fileID: 6304721549299933275, guid: 8823fdc7727de364ca0fa5d2baed8910, type: 3}
      propertyPath: m_LocalRotation.y
      value: -0
      objectReference: {fileID: 0}
    - target: {fileID: 6304721549299933275, guid: 8823fdc7727de364ca0fa5d2baed8910, type: 3}
      propertyPath: m_LocalRotation.z
      value: -0
      objectReference: {fileID: 0}
    - target: {fileID: 6304721549299933275, guid: 8823fdc7727de364ca0fa5d2baed8910, type: 3}
      propertyPath: m_LocalEulerAnglesHint.x
      value: 0
      objectReference: {fileID: 0}
    - target: {fileID: 6304721549299933275, guid: 8823fdc7727de364ca0fa5d2baed8910, type: 3}
      propertyPath: m_LocalEulerAnglesHint.y
      value: 0
      objectReference: {fileID: 0}
    - target: {fileID: 6304721549299933275, guid: 8823fdc7727de364ca0fa5d2baed8910, type: 3}
      propertyPath: m_LocalEulerAnglesHint.z
      value: 0
      objectReference: {fileID: 0}
    m_RemovedComponents: []
  m_SourcePrefab: {fileID: 100100000, guid: 8823fdc7727de364ca0fa5d2baed8910, type: 3}
--- !u!4 &7517912618466702521 stripped
Transform:
  m_CorrespondingSourceObject: {fileID: 6304721549299933275, guid: 8823fdc7727de364ca0fa5d2baed8910, type: 3}
  m_PrefabInstance: {fileID: 4551489309536392418}
  m_PrefabAsset: {fileID: 0}
--- !u!1001 &5148848734501237978
PrefabInstance:
  m_ObjectHideFlags: 0
  serializedVersion: 2
  m_Modification:
    m_TransformParent: {fileID: 1217086650450922930}
    m_Modifications:
    - target: {fileID: 5451109223519273330, guid: 8823fdc7727de364ca0fa5d2baed8910, type: 3}
      propertyPath: m_Name
      value: Tree (10)
      objectReference: {fileID: 0}
    - target: {fileID: 6304721549299933275, guid: 8823fdc7727de364ca0fa5d2baed8910, type: 3}
      propertyPath: m_RootOrder
      value: 8
      objectReference: {fileID: 0}
    - target: {fileID: 6304721549299933275, guid: 8823fdc7727de364ca0fa5d2baed8910, type: 3}
      propertyPath: m_LocalScale.z
      value: 0.033333335
      objectReference: {fileID: 0}
    - target: {fileID: 6304721549299933275, guid: 8823fdc7727de364ca0fa5d2baed8910, type: 3}
      propertyPath: m_LocalPosition.x
      value: 0
      objectReference: {fileID: 0}
    - target: {fileID: 6304721549299933275, guid: 8823fdc7727de364ca0fa5d2baed8910, type: 3}
      propertyPath: m_LocalPosition.y
      value: 1.5
      objectReference: {fileID: 0}
    - target: {fileID: 6304721549299933275, guid: 8823fdc7727de364ca0fa5d2baed8910, type: 3}
      propertyPath: m_LocalPosition.z
      value: 0.23333335
      objectReference: {fileID: 0}
    - target: {fileID: 6304721549299933275, guid: 8823fdc7727de364ca0fa5d2baed8910, type: 3}
      propertyPath: m_LocalRotation.w
      value: 1
      objectReference: {fileID: 0}
    - target: {fileID: 6304721549299933275, guid: 8823fdc7727de364ca0fa5d2baed8910, type: 3}
      propertyPath: m_LocalRotation.x
      value: -0
      objectReference: {fileID: 0}
    - target: {fileID: 6304721549299933275, guid: 8823fdc7727de364ca0fa5d2baed8910, type: 3}
      propertyPath: m_LocalRotation.y
      value: -0
      objectReference: {fileID: 0}
    - target: {fileID: 6304721549299933275, guid: 8823fdc7727de364ca0fa5d2baed8910, type: 3}
      propertyPath: m_LocalRotation.z
      value: -0
      objectReference: {fileID: 0}
    - target: {fileID: 6304721549299933275, guid: 8823fdc7727de364ca0fa5d2baed8910, type: 3}
      propertyPath: m_LocalEulerAnglesHint.x
      value: 0
      objectReference: {fileID: 0}
    - target: {fileID: 6304721549299933275, guid: 8823fdc7727de364ca0fa5d2baed8910, type: 3}
      propertyPath: m_LocalEulerAnglesHint.y
      value: 0
      objectReference: {fileID: 0}
    - target: {fileID: 6304721549299933275, guid: 8823fdc7727de364ca0fa5d2baed8910, type: 3}
      propertyPath: m_LocalEulerAnglesHint.z
      value: 0
      objectReference: {fileID: 0}
    m_RemovedComponents: []
  m_SourcePrefab: {fileID: 100100000, guid: 8823fdc7727de364ca0fa5d2baed8910, type: 3}
--- !u!4 &1155943497550763137 stripped
Transform:
  m_CorrespondingSourceObject: {fileID: 6304721549299933275, guid: 8823fdc7727de364ca0fa5d2baed8910, type: 3}
  m_PrefabInstance: {fileID: 5148848734501237978}
  m_PrefabAsset: {fileID: 0}
--- !u!1001 &6493426198609920795
PrefabInstance:
  m_ObjectHideFlags: 0
  serializedVersion: 2
  m_Modification:
    m_TransformParent: {fileID: 1217086650450922930}
    m_Modifications:
    - target: {fileID: 4241177675047549490, guid: 9af11a0242aba7a439835c0655edd47f, type: 3}
      propertyPath: m_RootOrder
      value: 0
      objectReference: {fileID: 0}
    - target: {fileID: 4241177675047549490, guid: 9af11a0242aba7a439835c0655edd47f, type: 3}
      propertyPath: m_LocalScale.z
      value: 0.016666668
      objectReference: {fileID: 0}
    - target: {fileID: 4241177675047549490, guid: 9af11a0242aba7a439835c0655edd47f, type: 3}
      propertyPath: m_LocalPosition.x
      value: 0
      objectReference: {fileID: 0}
    - target: {fileID: 4241177675047549490, guid: 9af11a0242aba7a439835c0655edd47f, type: 3}
      propertyPath: m_LocalPosition.y
      value: 0.75
      objectReference: {fileID: 0}
    - target: {fileID: 4241177675047549490, guid: 9af11a0242aba7a439835c0655edd47f, type: 3}
      propertyPath: m_LocalPosition.z
      value: 0.06666667
      objectReference: {fileID: 0}
    - target: {fileID: 4241177675047549490, guid: 9af11a0242aba7a439835c0655edd47f, type: 3}
      propertyPath: m_LocalRotation.w
      value: 1
      objectReference: {fileID: 0}
    - target: {fileID: 4241177675047549490, guid: 9af11a0242aba7a439835c0655edd47f, type: 3}
      propertyPath: m_LocalRotation.x
      value: -0
      objectReference: {fileID: 0}
    - target: {fileID: 4241177675047549490, guid: 9af11a0242aba7a439835c0655edd47f, type: 3}
      propertyPath: m_LocalRotation.y
      value: -0
      objectReference: {fileID: 0}
    - target: {fileID: 4241177675047549490, guid: 9af11a0242aba7a439835c0655edd47f, type: 3}
      propertyPath: m_LocalRotation.z
      value: -0
      objectReference: {fileID: 0}
    - target: {fileID: 4241177675047549490, guid: 9af11a0242aba7a439835c0655edd47f, type: 3}
      propertyPath: m_LocalEulerAnglesHint.x
      value: 0
      objectReference: {fileID: 0}
    - target: {fileID: 4241177675047549490, guid: 9af11a0242aba7a439835c0655edd47f, type: 3}
      propertyPath: m_LocalEulerAnglesHint.y
      value: 0
      objectReference: {fileID: 0}
    - target: {fileID: 4241177675047549490, guid: 9af11a0242aba7a439835c0655edd47f, type: 3}
      propertyPath: m_LocalEulerAnglesHint.z
      value: 0
      objectReference: {fileID: 0}
    - target: {fileID: 8620700468958496835, guid: 9af11a0242aba7a439835c0655edd47f, type: 3}
      propertyPath: m_Name
      value: Nest
      objectReference: {fileID: 0}
    m_RemovedComponents: []
  m_SourcePrefab: {fileID: 100100000, guid: 9af11a0242aba7a439835c0655edd47f, type: 3}
--- !u!4 &6973533918240356649 stripped
Transform:
  m_CorrespondingSourceObject: {fileID: 4241177675047549490, guid: 9af11a0242aba7a439835c0655edd47f, type: 3}
  m_PrefabInstance: {fileID: 6493426198609920795}
  m_PrefabAsset: {fileID: 0}
--- !u!1001 &6562287458047295349
PrefabInstance:
  m_ObjectHideFlags: 0
  serializedVersion: 2
  m_Modification:
    m_TransformParent: {fileID: 1217086650450922930}
    m_Modifications:
    - target: {fileID: 5451109223519273330, guid: 8823fdc7727de364ca0fa5d2baed8910, type: 3}
      propertyPath: m_Name
      value: Tree (3)
      objectReference: {fileID: 0}
    - target: {fileID: 6304721549299933275, guid: 8823fdc7727de364ca0fa5d2baed8910, type: 3}
      propertyPath: m_RootOrder
      value: 3
      objectReference: {fileID: 0}
    - target: {fileID: 6304721549299933275, guid: 8823fdc7727de364ca0fa5d2baed8910, type: 3}
      propertyPath: m_LocalScale.z
      value: 0.033333335
      objectReference: {fileID: 0}
    - target: {fileID: 6304721549299933275, guid: 8823fdc7727de364ca0fa5d2baed8910, type: 3}
      propertyPath: m_LocalPosition.x
      value: 0
      objectReference: {fileID: 0}
    - target: {fileID: 6304721549299933275, guid: 8823fdc7727de364ca0fa5d2baed8910, type: 3}
      propertyPath: m_LocalPosition.y
      value: 1.5
      objectReference: {fileID: 0}
    - target: {fileID: 6304721549299933275, guid: 8823fdc7727de364ca0fa5d2baed8910, type: 3}
      propertyPath: m_LocalPosition.z
      value: -0.3
      objectReference: {fileID: 0}
    - target: {fileID: 6304721549299933275, guid: 8823fdc7727de364ca0fa5d2baed8910, type: 3}
      propertyPath: m_LocalRotation.w
      value: 1
      objectReference: {fileID: 0}
    - target: {fileID: 6304721549299933275, guid: 8823fdc7727de364ca0fa5d2baed8910, type: 3}
      propertyPath: m_LocalRotation.x
      value: -0
      objectReference: {fileID: 0}
    - target: {fileID: 6304721549299933275, guid: 8823fdc7727de364ca0fa5d2baed8910, type: 3}
      propertyPath: m_LocalRotation.y
      value: -0
      objectReference: {fileID: 0}
    - target: {fileID: 6304721549299933275, guid: 8823fdc7727de364ca0fa5d2baed8910, type: 3}
      propertyPath: m_LocalRotation.z
      value: -0
      objectReference: {fileID: 0}
    - target: {fileID: 6304721549299933275, guid: 8823fdc7727de364ca0fa5d2baed8910, type: 3}
      propertyPath: m_LocalEulerAnglesHint.x
      value: 0
      objectReference: {fileID: 0}
    - target: {fileID: 6304721549299933275, guid: 8823fdc7727de364ca0fa5d2baed8910, type: 3}
      propertyPath: m_LocalEulerAnglesHint.y
      value: 0
      objectReference: {fileID: 0}
    - target: {fileID: 6304721549299933275, guid: 8823fdc7727de364ca0fa5d2baed8910, type: 3}
      propertyPath: m_LocalEulerAnglesHint.z
      value: 0
      objectReference: {fileID: 0}
    m_RemovedComponents: []
  m_SourcePrefab: {fileID: 100100000, guid: 8823fdc7727de364ca0fa5d2baed8910, type: 3}
--- !u!4 &895991427722190638 stripped
Transform:
  m_CorrespondingSourceObject: {fileID: 6304721549299933275, guid: 8823fdc7727de364ca0fa5d2baed8910, type: 3}
  m_PrefabInstance: {fileID: 6562287458047295349}
  m_PrefabAsset: {fileID: 0}
--- !u!1001 &8055013575471850039
PrefabInstance:
  m_ObjectHideFlags: 0
  serializedVersion: 2
  m_Modification:
    m_TransformParent: {fileID: 1217086650450922930}
    m_Modifications:
    - target: {fileID: 5451109223519273330, guid: 8823fdc7727de364ca0fa5d2baed8910, type: 3}
      propertyPath: m_Name
      value: Tree (4)
      objectReference: {fileID: 0}
    - target: {fileID: 6304721549299933275, guid: 8823fdc7727de364ca0fa5d2baed8910, type: 3}
      propertyPath: m_RootOrder
      value: 4
      objectReference: {fileID: 0}
    - target: {fileID: 6304721549299933275, guid: 8823fdc7727de364ca0fa5d2baed8910, type: 3}
      propertyPath: m_LocalScale.z
      value: 0.033333335
      objectReference: {fileID: 0}
    - target: {fileID: 6304721549299933275, guid: 8823fdc7727de364ca0fa5d2baed8910, type: 3}
      propertyPath: m_LocalPosition.x
      value: 0
      objectReference: {fileID: 0}
    - target: {fileID: 6304721549299933275, guid: 8823fdc7727de364ca0fa5d2baed8910, type: 3}
      propertyPath: m_LocalPosition.y
      value: 1.5
      objectReference: {fileID: 0}
    - target: {fileID: 6304721549299933275, guid: 8823fdc7727de364ca0fa5d2baed8910, type: 3}
      propertyPath: m_LocalPosition.z
      value: -0.26666668
      objectReference: {fileID: 0}
    - target: {fileID: 6304721549299933275, guid: 8823fdc7727de364ca0fa5d2baed8910, type: 3}
      propertyPath: m_LocalRotation.w
      value: 1
      objectReference: {fileID: 0}
    - target: {fileID: 6304721549299933275, guid: 8823fdc7727de364ca0fa5d2baed8910, type: 3}
      propertyPath: m_LocalRotation.x
      value: -0
      objectReference: {fileID: 0}
    - target: {fileID: 6304721549299933275, guid: 8823fdc7727de364ca0fa5d2baed8910, type: 3}
      propertyPath: m_LocalRotation.y
      value: -0
      objectReference: {fileID: 0}
    - target: {fileID: 6304721549299933275, guid: 8823fdc7727de364ca0fa5d2baed8910, type: 3}
      propertyPath: m_LocalRotation.z
      value: -0
      objectReference: {fileID: 0}
    - target: {fileID: 6304721549299933275, guid: 8823fdc7727de364ca0fa5d2baed8910, type: 3}
      propertyPath: m_LocalEulerAnglesHint.x
      value: 0
      objectReference: {fileID: 0}
    - target: {fileID: 6304721549299933275, guid: 8823fdc7727de364ca0fa5d2baed8910, type: 3}
      propertyPath: m_LocalEulerAnglesHint.y
      value: 0
      objectReference: {fileID: 0}
    - target: {fileID: 6304721549299933275, guid: 8823fdc7727de364ca0fa5d2baed8910, type: 3}
      propertyPath: m_LocalEulerAnglesHint.z
      value: 0
      objectReference: {fileID: 0}
    m_RemovedComponents: []
  m_SourcePrefab: {fileID: 100100000, guid: 8823fdc7727de364ca0fa5d2baed8910, type: 3}
--- !u!4 &4087006710587654764 stripped
Transform:
  m_CorrespondingSourceObject: {fileID: 6304721549299933275, guid: 8823fdc7727de364ca0fa5d2baed8910, type: 3}
  m_PrefabInstance: {fileID: 8055013575471850039}
  m_PrefabAsset: {fileID: 0}
--- !u!1001 &8679037538889294561
PrefabInstance:
  m_ObjectHideFlags: 0
  serializedVersion: 2
  m_Modification:
    m_TransformParent: {fileID: 1217086650450922930}
    m_Modifications:
    - target: {fileID: 5451109223519273330, guid: 8823fdc7727de364ca0fa5d2baed8910, type: 3}
      propertyPath: m_Name
      value: Tree (5)
      objectReference: {fileID: 0}
    - target: {fileID: 6304721549299933275, guid: 8823fdc7727de364ca0fa5d2baed8910, type: 3}
      propertyPath: m_RootOrder
      value: 5
      objectReference: {fileID: 0}
    - target: {fileID: 6304721549299933275, guid: 8823fdc7727de364ca0fa5d2baed8910, type: 3}
      propertyPath: m_LocalScale.z
      value: 0.033333335
      objectReference: {fileID: 0}
    - target: {fileID: 6304721549299933275, guid: 8823fdc7727de364ca0fa5d2baed8910, type: 3}
      propertyPath: m_LocalPosition.x
      value: 0
      objectReference: {fileID: 0}
    - target: {fileID: 6304721549299933275, guid: 8823fdc7727de364ca0fa5d2baed8910, type: 3}
      propertyPath: m_LocalPosition.y
      value: 1.5
      objectReference: {fileID: 0}
    - target: {fileID: 6304721549299933275, guid: 8823fdc7727de364ca0fa5d2baed8910, type: 3}
      propertyPath: m_LocalPosition.z
      value: -0.13333334
      objectReference: {fileID: 0}
    - target: {fileID: 6304721549299933275, guid: 8823fdc7727de364ca0fa5d2baed8910, type: 3}
      propertyPath: m_LocalRotation.w
      value: 1
      objectReference: {fileID: 0}
    - target: {fileID: 6304721549299933275, guid: 8823fdc7727de364ca0fa5d2baed8910, type: 3}
      propertyPath: m_LocalRotation.x
      value: -0
      objectReference: {fileID: 0}
    - target: {fileID: 6304721549299933275, guid: 8823fdc7727de364ca0fa5d2baed8910, type: 3}
      propertyPath: m_LocalRotation.y
      value: -0
      objectReference: {fileID: 0}
    - target: {fileID: 6304721549299933275, guid: 8823fdc7727de364ca0fa5d2baed8910, type: 3}
      propertyPath: m_LocalRotation.z
      value: -0
      objectReference: {fileID: 0}
    - target: {fileID: 6304721549299933275, guid: 8823fdc7727de364ca0fa5d2baed8910, type: 3}
      propertyPath: m_LocalEulerAnglesHint.x
      value: 0
      objectReference: {fileID: 0}
    - target: {fileID: 6304721549299933275, guid: 8823fdc7727de364ca0fa5d2baed8910, type: 3}
      propertyPath: m_LocalEulerAnglesHint.y
      value: 0
      objectReference: {fileID: 0}
    - target: {fileID: 6304721549299933275, guid: 8823fdc7727de364ca0fa5d2baed8910, type: 3}
      propertyPath: m_LocalEulerAnglesHint.z
      value: 0
      objectReference: {fileID: 0}
    m_RemovedComponents: []
  m_SourcePrefab: {fileID: 100100000, guid: 8823fdc7727de364ca0fa5d2baed8910, type: 3}
--- !u!4 &3390362177872528058 stripped
Transform:
  m_CorrespondingSourceObject: {fileID: 6304721549299933275, guid: 8823fdc7727de364ca0fa5d2baed8910, type: 3}
  m_PrefabInstance: {fileID: 8679037538889294561}
  m_PrefabAsset: {fileID: 0}
