%YAML 1.1
%TAG !u! tag:unity3d.com,2011:
--- !u!1 &2834929270929741501
GameObject:
  m_ObjectHideFlags: 0
  m_CorrespondingSourceObject: {fileID: 0}
  m_PrefabInstance: {fileID: 0}
  m_PrefabAsset: {fileID: 0}
  serializedVersion: 6
  m_Component:
  - component: {fileID: 920990683234396975}
  - component: {fileID: 676990185630376787}
  - component: {fileID: 7370548741187142898}
  - component: {fileID: 6835091000459971006}
  m_Layer: 0
  m_Name: GrassLine4
  m_TagString: Untagged
  m_Icon: {fileID: 0}
  m_NavMeshLayer: 0
  m_StaticEditorFlags: 0
  m_IsActive: 1
--- !u!4 &920990683234396975
Transform:
  m_ObjectHideFlags: 0
  m_CorrespondingSourceObject: {fileID: 0}
  m_PrefabInstance: {fileID: 0}
  m_PrefabAsset: {fileID: 0}
  m_GameObject: {fileID: 2834929270929741501}
  m_LocalRotation: {x: 0, y: 0, z: 0, w: 1}
  m_LocalPosition: {x: 30, y: 0, z: 0}
  m_LocalScale: {x: 1, y: 1, z: 30}
  m_ConstrainProportionsScale: 0
  m_Children:
  - {fileID: 9179410793252298214}
  - {fileID: 6276450026472337882}
  - {fileID: 4830228525064699023}
  - {fileID: 8630654605402205508}
  - {fileID: 7644350516579381325}
  - {fileID: 3441461409349443685}
  - {fileID: 3294174325876268367}
  - {fileID: 7146799348500727481}
  - {fileID: 6972569832572637807}
  - {fileID: 788887350577787131}
  - {fileID: 8181850373636366699}
  - {fileID: 5550599869505413200}
  m_Father: {fileID: 0}
  m_RootOrder: 0
  m_LocalEulerAnglesHint: {x: 0, y: 0, z: 0}
--- !u!33 &676990185630376787
MeshFilter:
  m_ObjectHideFlags: 0
  m_CorrespondingSourceObject: {fileID: 0}
  m_PrefabInstance: {fileID: 0}
  m_PrefabAsset: {fileID: 0}
  m_GameObject: {fileID: 2834929270929741501}
  m_Mesh: {fileID: 10202, guid: 0000000000000000e000000000000000, type: 0}
--- !u!23 &7370548741187142898
MeshRenderer:
  m_ObjectHideFlags: 0
  m_CorrespondingSourceObject: {fileID: 0}
  m_PrefabInstance: {fileID: 0}
  m_PrefabAsset: {fileID: 0}
  m_GameObject: {fileID: 2834929270929741501}
  m_Enabled: 1
  m_CastShadows: 1
  m_ReceiveShadows: 1
  m_DynamicOccludee: 1
  m_StaticShadowCaster: 0
  m_MotionVectors: 1
  m_LightProbeUsage: 1
  m_ReflectionProbeUsage: 1
  m_RayTracingMode: 2
  m_RayTraceProcedural: 0
  m_RenderingLayerMask: 1
  m_RendererPriority: 0
  m_Materials:
  - {fileID: 10303, guid: 0000000000000000f000000000000000, type: 0}
  m_StaticBatchInfo:
    firstSubMesh: 0
    subMeshCount: 0
  m_StaticBatchRoot: {fileID: 0}
  m_ProbeAnchor: {fileID: 0}
  m_LightProbeVolumeOverride: {fileID: 0}
  m_ScaleInLightmap: 1
  m_ReceiveGI: 1
  m_PreserveUVs: 0
  m_IgnoreNormalsForChartDetection: 0
  m_ImportantGI: 0
  m_StitchLightmapSeams: 1
  m_SelectedEditorRenderState: 3
  m_MinimumChartSize: 4
  m_AutoUVMaxDistance: 0.5
  m_AutoUVMaxAngle: 89
  m_LightmapParameters: {fileID: 0}
  m_SortingLayerID: 0
  m_SortingLayer: 0
  m_SortingOrder: 0
  m_AdditionalVertexStreams: {fileID: 0}
--- !u!65 &6835091000459971006
BoxCollider:
  m_ObjectHideFlags: 0
  m_CorrespondingSourceObject: {fileID: 0}
  m_PrefabInstance: {fileID: 0}
  m_PrefabAsset: {fileID: 0}
  m_GameObject: {fileID: 2834929270929741501}
  m_Material: {fileID: 0}
  m_IsTrigger: 0
  m_Enabled: 1
  serializedVersion: 2
  m_Size: {x: 1, y: 1, z: 1}
  m_Center: {x: 0, y: 0, z: 0}
--- !u!1001 &28341921841287553
PrefabInstance:
  m_ObjectHideFlags: 0
  serializedVersion: 2
  m_Modification:
    m_TransformParent: {fileID: 920990683234396975}
    m_Modifications:
    - target: {fileID: 5451109223519273330, guid: 8823fdc7727de364ca0fa5d2baed8910, type: 3}
      propertyPath: m_Name
      value: Tree (2)
      objectReference: {fileID: 0}
    - target: {fileID: 6304721549299933275, guid: 8823fdc7727de364ca0fa5d2baed8910, type: 3}
      propertyPath: m_RootOrder
      value: 1
      objectReference: {fileID: 0}
    - target: {fileID: 6304721549299933275, guid: 8823fdc7727de364ca0fa5d2baed8910, type: 3}
      propertyPath: m_LocalScale.z
      value: 0.033333335
      objectReference: {fileID: 0}
    - target: {fileID: 6304721549299933275, guid: 8823fdc7727de364ca0fa5d2baed8910, type: 3}
      propertyPath: m_LocalPosition.x
      value: 0
      objectReference: {fileID: 0}
    - target: {fileID: 6304721549299933275, guid: 8823fdc7727de364ca0fa5d2baed8910, type: 3}
      propertyPath: m_LocalPosition.y
      value: 1.5
      objectReference: {fileID: 0}
    - target: {fileID: 6304721549299933275, guid: 8823fdc7727de364ca0fa5d2baed8910, type: 3}
      propertyPath: m_LocalPosition.z
      value: 0.06666667
      objectReference: {fileID: 0}
    - target: {fileID: 6304721549299933275, guid: 8823fdc7727de364ca0fa5d2baed8910, type: 3}
      propertyPath: m_LocalRotation.w
      value: 1
      objectReference: {fileID: 0}
    - target: {fileID: 6304721549299933275, guid: 8823fdc7727de364ca0fa5d2baed8910, type: 3}
      propertyPath: m_LocalRotation.x
      value: -0
      objectReference: {fileID: 0}
    - target: {fileID: 6304721549299933275, guid: 8823fdc7727de364ca0fa5d2baed8910, type: 3}
      propertyPath: m_LocalRotation.y
      value: -0
      objectReference: {fileID: 0}
    - target: {fileID: 6304721549299933275, guid: 8823fdc7727de364ca0fa5d2baed8910, type: 3}
      propertyPath: m_LocalRotation.z
      value: -0
      objectReference: {fileID: 0}
    - target: {fileID: 6304721549299933275, guid: 8823fdc7727de364ca0fa5d2baed8910, type: 3}
      propertyPath: m_LocalEulerAnglesHint.x
      value: 0
      objectReference: {fileID: 0}
    - target: {fileID: 6304721549299933275, guid: 8823fdc7727de364ca0fa5d2baed8910, type: 3}
      propertyPath: m_LocalEulerAnglesHint.y
      value: 0
      objectReference: {fileID: 0}
    - target: {fileID: 6304721549299933275, guid: 8823fdc7727de364ca0fa5d2baed8910, type: 3}
      propertyPath: m_LocalEulerAnglesHint.z
      value: 0
      objectReference: {fileID: 0}
    m_RemovedComponents: []
  m_SourcePrefab: {fileID: 100100000, guid: 8823fdc7727de364ca0fa5d2baed8910, type: 3}
--- !u!4 &6276450026472337882 stripped
Transform:
  m_CorrespondingSourceObject: {fileID: 6304721549299933275, guid: 8823fdc7727de364ca0fa5d2baed8910, type: 3}
  m_PrefabInstance: {fileID: 28341921841287553}
  m_PrefabAsset: {fileID: 0}
--- !u!1001 &1437826013321306818
PrefabInstance:
  m_ObjectHideFlags: 0
  serializedVersion: 2
  m_Modification:
    m_TransformParent: {fileID: 920990683234396975}
    m_Modifications:
    - target: {fileID: 6906318502374121929, guid: 69d68e2ebabfbbd44a38cfb1c66008d9, type: 3}
      propertyPath: m_Name
      value: Stone (1)
      objectReference: {fileID: 0}
    - target: {fileID: 7219852423253413766, guid: 69d68e2ebabfbbd44a38cfb1c66008d9, type: 3}
      propertyPath: m_RootOrder
      value: 3
      objectReference: {fileID: 0}
    - target: {fileID: 7219852423253413766, guid: 69d68e2ebabfbbd44a38cfb1c66008d9, type: 3}
      propertyPath: m_LocalScale.z
      value: 0.033333335
      objectReference: {fileID: 0}
    - target: {fileID: 7219852423253413766, guid: 69d68e2ebabfbbd44a38cfb1c66008d9, type: 3}
      propertyPath: m_LocalPosition.x
      value: 0
      objectReference: {fileID: 0}
    - target: {fileID: 7219852423253413766, guid: 69d68e2ebabfbbd44a38cfb1c66008d9, type: 3}
      propertyPath: m_LocalPosition.y
      value: 0.5
      objectReference: {fileID: 0}
    - target: {fileID: 7219852423253413766, guid: 69d68e2ebabfbbd44a38cfb1c66008d9, type: 3}
      propertyPath: m_LocalPosition.z
      value: 0.4666667
      objectReference: {fileID: 0}
    - target: {fileID: 7219852423253413766, guid: 69d68e2ebabfbbd44a38cfb1c66008d9, type: 3}
      propertyPath: m_LocalRotation.w
      value: 1
      objectReference: {fileID: 0}
    - target: {fileID: 7219852423253413766, guid: 69d68e2ebabfbbd44a38cfb1c66008d9, type: 3}
      propertyPath: m_LocalRotation.x
      value: -0
      objectReference: {fileID: 0}
    - target: {fileID: 7219852423253413766, guid: 69d68e2ebabfbbd44a38cfb1c66008d9, type: 3}
      propertyPath: m_LocalRotation.y
      value: -0
      objectReference: {fileID: 0}
    - target: {fileID: 7219852423253413766, guid: 69d68e2ebabfbbd44a38cfb1c66008d9, type: 3}
      propertyPath: m_LocalRotation.z
      value: -0
      objectReference: {fileID: 0}
    - target: {fileID: 7219852423253413766, guid: 69d68e2ebabfbbd44a38cfb1c66008d9, type: 3}
      propertyPath: m_LocalEulerAnglesHint.x
      value: 0
      objectReference: {fileID: 0}
    - target: {fileID: 7219852423253413766, guid: 69d68e2ebabfbbd44a38cfb1c66008d9, type: 3}
      propertyPath: m_LocalEulerAnglesHint.y
      value: 0
      objectReference: {fileID: 0}
    - target: {fileID: 7219852423253413766, guid: 69d68e2ebabfbbd44a38cfb1c66008d9, type: 3}
      propertyPath: m_LocalEulerAnglesHint.z
      value: 0
      objectReference: {fileID: 0}
    m_RemovedComponents: []
  m_SourcePrefab: {fileID: 100100000, guid: 69d68e2ebabfbbd44a38cfb1c66008d9, type: 3}
--- !u!4 &8630654605402205508 stripped
Transform:
  m_CorrespondingSourceObject: {fileID: 7219852423253413766, guid: 69d68e2ebabfbbd44a38cfb1c66008d9, type: 3}
  m_PrefabInstance: {fileID: 1437826013321306818}
  m_PrefabAsset: {fileID: 0}
--- !u!1001 &1907679011634855947
PrefabInstance:
  m_ObjectHideFlags: 0
  serializedVersion: 2
  m_Modification:
    m_TransformParent: {fileID: 920990683234396975}
    m_Modifications:
    - target: {fileID: 5451109223519273330, guid: 8823fdc7727de364ca0fa5d2baed8910, type: 3}
      propertyPath: m_Name
      value: Tree (10)
      objectReference: {fileID: 0}
    - target: {fileID: 6304721549299933275, guid: 8823fdc7727de364ca0fa5d2baed8910, type: 3}
      propertyPath: m_RootOrder
      value: 11
      objectReference: {fileID: 0}
    - target: {fileID: 6304721549299933275, guid: 8823fdc7727de364ca0fa5d2baed8910, type: 3}
      propertyPath: m_LocalScale.z
      value: 0.033333335
      objectReference: {fileID: 0}
    - target: {fileID: 6304721549299933275, guid: 8823fdc7727de364ca0fa5d2baed8910, type: 3}
      propertyPath: m_LocalPosition.x
      value: 0
      objectReference: {fileID: 0}
    - target: {fileID: 6304721549299933275, guid: 8823fdc7727de364ca0fa5d2baed8910, type: 3}
      propertyPath: m_LocalPosition.y
      value: 1.5
      objectReference: {fileID: 0}
    - target: {fileID: 6304721549299933275, guid: 8823fdc7727de364ca0fa5d2baed8910, type: 3}
      propertyPath: m_LocalPosition.z
      value: 0.23333335
      objectReference: {fileID: 0}
    - target: {fileID: 6304721549299933275, guid: 8823fdc7727de364ca0fa5d2baed8910, type: 3}
      propertyPath: m_LocalRotation.w
      value: 1
      objectReference: {fileID: 0}
    - target: {fileID: 6304721549299933275, guid: 8823fdc7727de364ca0fa5d2baed8910, type: 3}
      propertyPath: m_LocalRotation.x
      value: -0
      objectReference: {fileID: 0}
    - target: {fileID: 6304721549299933275, guid: 8823fdc7727de364ca0fa5d2baed8910, type: 3}
      propertyPath: m_LocalRotation.y
      value: -0
      objectReference: {fileID: 0}
    - target: {fileID: 6304721549299933275, guid: 8823fdc7727de364ca0fa5d2baed8910, type: 3}
      propertyPath: m_LocalRotation.z
      value: -0
      objectReference: {fileID: 0}
    - target: {fileID: 6304721549299933275, guid: 8823fdc7727de364ca0fa5d2baed8910, type: 3}
      propertyPath: m_LocalEulerAnglesHint.x
      value: 0
      objectReference: {fileID: 0}
    - target: {fileID: 6304721549299933275, guid: 8823fdc7727de364ca0fa5d2baed8910, type: 3}
      propertyPath: m_LocalEulerAnglesHint.y
      value: 0
      objectReference: {fileID: 0}
    - target: {fileID: 6304721549299933275, guid: 8823fdc7727de364ca0fa5d2baed8910, type: 3}
      propertyPath: m_LocalEulerAnglesHint.z
      value: 0
      objectReference: {fileID: 0}
    m_RemovedComponents: []
  m_SourcePrefab: {fileID: 100100000, guid: 8823fdc7727de364ca0fa5d2baed8910, type: 3}
--- !u!4 &5550599869505413200 stripped
Transform:
  m_CorrespondingSourceObject: {fileID: 6304721549299933275, guid: 8823fdc7727de364ca0fa5d2baed8910, type: 3}
  m_PrefabInstance: {fileID: 1907679011634855947}
  m_PrefabAsset: {fileID: 0}
--- !u!1001 &2807179941542347056
PrefabInstance:
  m_ObjectHideFlags: 0
  serializedVersion: 2
  m_Modification:
    m_TransformParent: {fileID: 920990683234396975}
    m_Modifications:
    - target: {fileID: 5451109223519273330, guid: 8823fdc7727de364ca0fa5d2baed8910, type: 3}
      propertyPath: m_Name
      value: Tree (6)
      objectReference: {fileID: 0}
    - target: {fileID: 6304721549299933275, guid: 8823fdc7727de364ca0fa5d2baed8910, type: 3}
      propertyPath: m_RootOrder
      value: 10
      objectReference: {fileID: 0}
    - target: {fileID: 6304721549299933275, guid: 8823fdc7727de364ca0fa5d2baed8910, type: 3}
      propertyPath: m_LocalScale.z
      value: 0.033333335
      objectReference: {fileID: 0}
    - target: {fileID: 6304721549299933275, guid: 8823fdc7727de364ca0fa5d2baed8910, type: 3}
      propertyPath: m_LocalPosition.x
      value: 0
      objectReference: {fileID: 0}
    - target: {fileID: 6304721549299933275, guid: 8823fdc7727de364ca0fa5d2baed8910, type: 3}
      propertyPath: m_LocalPosition.y
      value: 1.5
      objectReference: {fileID: 0}
    - target: {fileID: 6304721549299933275, guid: 8823fdc7727de364ca0fa5d2baed8910, type: 3}
      propertyPath: m_LocalPosition.z
      value: -0.10000001
      objectReference: {fileID: 0}
    - target: {fileID: 6304721549299933275, guid: 8823fdc7727de364ca0fa5d2baed8910, type: 3}
      propertyPath: m_LocalRotation.w
      value: 1
      objectReference: {fileID: 0}
    - target: {fileID: 6304721549299933275, guid: 8823fdc7727de364ca0fa5d2baed8910, type: 3}
      propertyPath: m_LocalRotation.x
      value: -0
      objectReference: {fileID: 0}
    - target: {fileID: 6304721549299933275, guid: 8823fdc7727de364ca0fa5d2baed8910, type: 3}
      propertyPath: m_LocalRotation.y
      value: -0
      objectReference: {fileID: 0}
    - target: {fileID: 6304721549299933275, guid: 8823fdc7727de364ca0fa5d2baed8910, type: 3}
      propertyPath: m_LocalRotation.z
      value: -0
      objectReference: {fileID: 0}
    - target: {fileID: 6304721549299933275, guid: 8823fdc7727de364ca0fa5d2baed8910, type: 3}
      propertyPath: m_LocalEulerAnglesHint.x
      value: 0
      objectReference: {fileID: 0}
    - target: {fileID: 6304721549299933275, guid: 8823fdc7727de364ca0fa5d2baed8910, type: 3}
      propertyPath: m_LocalEulerAnglesHint.y
      value: 0
      objectReference: {fileID: 0}
    - target: {fileID: 6304721549299933275, guid: 8823fdc7727de364ca0fa5d2baed8910, type: 3}
      propertyPath: m_LocalEulerAnglesHint.z
      value: 0
      objectReference: {fileID: 0}
    m_RemovedComponents: []
  m_SourcePrefab: {fileID: 100100000, guid: 8823fdc7727de364ca0fa5d2baed8910, type: 3}
--- !u!4 &8181850373636366699 stripped
Transform:
  m_CorrespondingSourceObject: {fileID: 6304721549299933275, guid: 8823fdc7727de364ca0fa5d2baed8910, type: 3}
  m_PrefabInstance: {fileID: 2807179941542347056}
  m_PrefabAsset: {fileID: 0}
--- !u!1001 &2826706710015767305
PrefabInstance:
  m_ObjectHideFlags: 0
  serializedVersion: 2
  m_Modification:
    m_TransformParent: {fileID: 920990683234396975}
    m_Modifications:
    - target: {fileID: 6906318502374121929, guid: 69d68e2ebabfbbd44a38cfb1c66008d9, type: 3}
      propertyPath: m_Name
      value: Stone (2)
      objectReference: {fileID: 0}
    - target: {fileID: 7219852423253413766, guid: 69d68e2ebabfbbd44a38cfb1c66008d9, type: 3}
      propertyPath: m_RootOrder
      value: 2
      objectReference: {fileID: 0}
    - target: {fileID: 7219852423253413766, guid: 69d68e2ebabfbbd44a38cfb1c66008d9, type: 3}
      propertyPath: m_LocalScale.z
      value: 0.033333335
      objectReference: {fileID: 0}
    - target: {fileID: 7219852423253413766, guid: 69d68e2ebabfbbd44a38cfb1c66008d9, type: 3}
      propertyPath: m_LocalPosition.x
      value: 0
      objectReference: {fileID: 0}
    - target: {fileID: 7219852423253413766, guid: 69d68e2ebabfbbd44a38cfb1c66008d9, type: 3}
      propertyPath: m_LocalPosition.y
      value: 0.5
      objectReference: {fileID: 0}
    - target: {fileID: 7219852423253413766, guid: 69d68e2ebabfbbd44a38cfb1c66008d9, type: 3}
      propertyPath: m_LocalPosition.z
      value: -0.40000004
      objectReference: {fileID: 0}
    - target: {fileID: 7219852423253413766, guid: 69d68e2ebabfbbd44a38cfb1c66008d9, type: 3}
      propertyPath: m_LocalRotation.w
      value: 1
      objectReference: {fileID: 0}
    - target: {fileID: 7219852423253413766, guid: 69d68e2ebabfbbd44a38cfb1c66008d9, type: 3}
      propertyPath: m_LocalRotation.x
      value: -0
      objectReference: {fileID: 0}
    - target: {fileID: 7219852423253413766, guid: 69d68e2ebabfbbd44a38cfb1c66008d9, type: 3}
      propertyPath: m_LocalRotation.y
      value: -0
      objectReference: {fileID: 0}
    - target: {fileID: 7219852423253413766, guid: 69d68e2ebabfbbd44a38cfb1c66008d9, type: 3}
      propertyPath: m_LocalRotation.z
      value: -0
      objectReference: {fileID: 0}
    - target: {fileID: 7219852423253413766, guid: 69d68e2ebabfbbd44a38cfb1c66008d9, type: 3}
      propertyPath: m_LocalEulerAnglesHint.x
      value: 0
      objectReference: {fileID: 0}
    - target: {fileID: 7219852423253413766, guid: 69d68e2ebabfbbd44a38cfb1c66008d9, type: 3}
      propertyPath: m_LocalEulerAnglesHint.y
      value: 0
      objectReference: {fileID: 0}
    - target: {fileID: 7219852423253413766, guid: 69d68e2ebabfbbd44a38cfb1c66008d9, type: 3}
      propertyPath: m_LocalEulerAnglesHint.z
      value: 0
      objectReference: {fileID: 0}
    m_RemovedComponents: []
  m_SourcePrefab: {fileID: 100100000, guid: 69d68e2ebabfbbd44a38cfb1c66008d9, type: 3}
--- !u!4 &4830228525064699023 stripped
Transform:
  m_CorrespondingSourceObject: {fileID: 7219852423253413766, guid: 69d68e2ebabfbbd44a38cfb1c66008d9, type: 3}
  m_PrefabInstance: {fileID: 2826706710015767305}
  m_PrefabAsset: {fileID: 0}
--- !u!1001 &2890483729584979389
PrefabInstance:
  m_ObjectHideFlags: 0
  serializedVersion: 2
  m_Modification:
    m_TransformParent: {fileID: 920990683234396975}
    m_Modifications:
    - target: {fileID: 5451109223519273330, guid: 8823fdc7727de364ca0fa5d2baed8910, type: 3}
      propertyPath: m_Name
      value: Tree (4)
      objectReference: {fileID: 0}
    - target: {fileID: 6304721549299933275, guid: 8823fdc7727de364ca0fa5d2baed8910, type: 3}
      propertyPath: m_RootOrder
      value: 0
      objectReference: {fileID: 0}
    - target: {fileID: 6304721549299933275, guid: 8823fdc7727de364ca0fa5d2baed8910, type: 3}
      propertyPath: m_LocalScale.z
      value: 0.033333335
      objectReference: {fileID: 0}
    - target: {fileID: 6304721549299933275, guid: 8823fdc7727de364ca0fa5d2baed8910, type: 3}
      propertyPath: m_LocalPosition.x
      value: 0
      objectReference: {fileID: 0}
    - target: {fileID: 6304721549299933275, guid: 8823fdc7727de364ca0fa5d2baed8910, type: 3}
      propertyPath: m_LocalPosition.y
      value: 1.5
      objectReference: {fileID: 0}
    - target: {fileID: 6304721549299933275, guid: 8823fdc7727de364ca0fa5d2baed8910, type: 3}
      propertyPath: m_LocalPosition.z
      value: -0.10000001
      objectReference: {fileID: 0}
    - target: {fileID: 6304721549299933275, guid: 8823fdc7727de364ca0fa5d2baed8910, type: 3}
      propertyPath: m_LocalRotation.w
      value: 1
      objectReference: {fileID: 0}
    - target: {fileID: 6304721549299933275, guid: 8823fdc7727de364ca0fa5d2baed8910, type: 3}
      propertyPath: m_LocalRotation.x
      value: -0
      objectReference: {fileID: 0}
    - target: {fileID: 6304721549299933275, guid: 8823fdc7727de364ca0fa5d2baed8910, type: 3}
      propertyPath: m_LocalRotation.y
      value: -0
      objectReference: {fileID: 0}
    - target: {fileID: 6304721549299933275, guid: 8823fdc7727de364ca0fa5d2baed8910, type: 3}
      propertyPath: m_LocalRotation.z
      value: -0
      objectReference: {fileID: 0}
    - target: {fileID: 6304721549299933275, guid: 8823fdc7727de364ca0fa5d2baed8910, type: 3}
      propertyPath: m_LocalEulerAnglesHint.x
      value: 0
      objectReference: {fileID: 0}
    - target: {fileID: 6304721549299933275, guid: 8823fdc7727de364ca0fa5d2baed8910, type: 3}
      propertyPath: m_LocalEulerAnglesHint.y
      value: 0
      objectReference: {fileID: 0}
    - target: {fileID: 6304721549299933275, guid: 8823fdc7727de364ca0fa5d2baed8910, type: 3}
      propertyPath: m_LocalEulerAnglesHint.z
      value: 0
      objectReference: {fileID: 0}
    m_RemovedComponents: []
  m_SourcePrefab: {fileID: 100100000, guid: 8823fdc7727de364ca0fa5d2baed8910, type: 3}
--- !u!4 &9179410793252298214 stripped
Transform:
  m_CorrespondingSourceObject: {fileID: 6304721549299933275, guid: 8823fdc7727de364ca0fa5d2baed8910, type: 3}
  m_PrefabInstance: {fileID: 2890483729584979389}
  m_PrefabAsset: {fileID: 0}
--- !u!1001 &3769608528468436706
PrefabInstance:
  m_ObjectHideFlags: 0
  serializedVersion: 2
  m_Modification:
    m_TransformParent: {fileID: 920990683234396975}
    m_Modifications:
    - target: {fileID: 5451109223519273330, guid: 8823fdc7727de364ca0fa5d2baed8910, type: 3}
      propertyPath: m_Name
      value: Tree
      objectReference: {fileID: 0}
    - target: {fileID: 6304721549299933275, guid: 8823fdc7727de364ca0fa5d2baed8910, type: 3}
      propertyPath: m_RootOrder
      value: 7
      objectReference: {fileID: 0}
    - target: {fileID: 6304721549299933275, guid: 8823fdc7727de364ca0fa5d2baed8910, type: 3}
      propertyPath: m_LocalScale.z
      value: 0.033333335
      objectReference: {fileID: 0}
    - target: {fileID: 6304721549299933275, guid: 8823fdc7727de364ca0fa5d2baed8910, type: 3}
      propertyPath: m_LocalPosition.x
      value: 0
      objectReference: {fileID: 0}
    - target: {fileID: 6304721549299933275, guid: 8823fdc7727de364ca0fa5d2baed8910, type: 3}
      propertyPath: m_LocalPosition.y
      value: 1.5
      objectReference: {fileID: 0}
    - target: {fileID: 6304721549299933275, guid: 8823fdc7727de364ca0fa5d2baed8910, type: 3}
      propertyPath: m_LocalPosition.z
      value: -0.43333337
      objectReference: {fileID: 0}
    - target: {fileID: 6304721549299933275, guid: 8823fdc7727de364ca0fa5d2baed8910, type: 3}
      propertyPath: m_LocalRotation.w
      value: 1
      objectReference: {fileID: 0}
    - target: {fileID: 6304721549299933275, guid: 8823fdc7727de364ca0fa5d2baed8910, type: 3}
      propertyPath: m_LocalRotation.x
      value: -0
      objectReference: {fileID: 0}
    - target: {fileID: 6304721549299933275, guid: 8823fdc7727de364ca0fa5d2baed8910, type: 3}
      propertyPath: m_LocalRotation.y
      value: -0
      objectReference: {fileID: 0}
    - target: {fileID: 6304721549299933275, guid: 8823fdc7727de364ca0fa5d2baed8910, type: 3}
      propertyPath: m_LocalRotation.z
      value: -0
      objectReference: {fileID: 0}
    - target: {fileID: 6304721549299933275, guid: 8823fdc7727de364ca0fa5d2baed8910, type: 3}
      propertyPath: m_LocalEulerAnglesHint.x
      value: 0
      objectReference: {fileID: 0}
    - target: {fileID: 6304721549299933275, guid: 8823fdc7727de364ca0fa5d2baed8910, type: 3}
      propertyPath: m_LocalEulerAnglesHint.y
      value: 0
      objectReference: {fileID: 0}
    - target: {fileID: 6304721549299933275, guid: 8823fdc7727de364ca0fa5d2baed8910, type: 3}
      propertyPath: m_LocalEulerAnglesHint.z
      value: 0
      objectReference: {fileID: 0}
    m_RemovedComponents: []
  m_SourcePrefab: {fileID: 100100000, guid: 8823fdc7727de364ca0fa5d2baed8910, type: 3}
--- !u!4 &7146799348500727481 stripped
Transform:
  m_CorrespondingSourceObject: {fileID: 6304721549299933275, guid: 8823fdc7727de364ca0fa5d2baed8910, type: 3}
  m_PrefabInstance: {fileID: 3769608528468436706}
  m_PrefabAsset: {fileID: 0}
--- !u!1001 &4016460495687856692
PrefabInstance:
  m_ObjectHideFlags: 0
  serializedVersion: 2
  m_Modification:
    m_TransformParent: {fileID: 920990683234396975}
    m_Modifications:
    - target: {fileID: 5451109223519273330, guid: 8823fdc7727de364ca0fa5d2baed8910, type: 3}
      propertyPath: m_Name
      value: Tree (3)
      objectReference: {fileID: 0}
    - target: {fileID: 6304721549299933275, guid: 8823fdc7727de364ca0fa5d2baed8910, type: 3}
      propertyPath: m_RootOrder
      value: 8
      objectReference: {fileID: 0}
    - target: {fileID: 6304721549299933275, guid: 8823fdc7727de364ca0fa5d2baed8910, type: 3}
      propertyPath: m_LocalScale.z
      value: 0.033333335
      objectReference: {fileID: 0}
    - target: {fileID: 6304721549299933275, guid: 8823fdc7727de364ca0fa5d2baed8910, type: 3}
      propertyPath: m_LocalPosition.x
      value: 0
      objectReference: {fileID: 0}
    - target: {fileID: 6304721549299933275, guid: 8823fdc7727de364ca0fa5d2baed8910, type: 3}
      propertyPath: m_LocalPosition.y
      value: 1.5
      objectReference: {fileID: 0}
    - target: {fileID: 6304721549299933275, guid: 8823fdc7727de364ca0fa5d2baed8910, type: 3}
      propertyPath: m_LocalPosition.z
      value: -0.16666667
      objectReference: {fileID: 0}
    - target: {fileID: 6304721549299933275, guid: 8823fdc7727de364ca0fa5d2baed8910, type: 3}
      propertyPath: m_LocalRotation.w
      value: 1
      objectReference: {fileID: 0}
    - target: {fileID: 6304721549299933275, guid: 8823fdc7727de364ca0fa5d2baed8910, type: 3}
      propertyPath: m_LocalRotation.x
      value: -0
      objectReference: {fileID: 0}
    - target: {fileID: 6304721549299933275, guid: 8823fdc7727de364ca0fa5d2baed8910, type: 3}
      propertyPath: m_LocalRotation.y
      value: -0
      objectReference: {fileID: 0}
    - target: {fileID: 6304721549299933275, guid: 8823fdc7727de364ca0fa5d2baed8910, type: 3}
      propertyPath: m_LocalRotation.z
      value: -0
      objectReference: {fileID: 0}
    - target: {fileID: 6304721549299933275, guid: 8823fdc7727de364ca0fa5d2baed8910, type: 3}
      propertyPath: m_LocalEulerAnglesHint.x
      value: 0
      objectReference: {fileID: 0}
    - target: {fileID: 6304721549299933275, guid: 8823fdc7727de364ca0fa5d2baed8910, type: 3}
      propertyPath: m_LocalEulerAnglesHint.y
      value: 0
      objectReference: {fileID: 0}
    - target: {fileID: 6304721549299933275, guid: 8823fdc7727de364ca0fa5d2baed8910, type: 3}
      propertyPath: m_LocalEulerAnglesHint.z
      value: 0
      objectReference: {fileID: 0}
    m_RemovedComponents: []
  m_SourcePrefab: {fileID: 100100000, guid: 8823fdc7727de364ca0fa5d2baed8910, type: 3}
--- !u!4 &6972569832572637807 stripped
Transform:
  m_CorrespondingSourceObject: {fileID: 6304721549299933275, guid: 8823fdc7727de364ca0fa5d2baed8910, type: 3}
  m_PrefabInstance: {fileID: 4016460495687856692}
  m_PrefabAsset: {fileID: 0}
--- !u!1001 &5472040044996751331
PrefabInstance:
  m_ObjectHideFlags: 0
  serializedVersion: 2
  m_Modification:
    m_TransformParent: {fileID: 920990683234396975}
    m_Modifications:
    - target: {fileID: 6906318502374121929, guid: 69d68e2ebabfbbd44a38cfb1c66008d9, type: 3}
      propertyPath: m_Name
      value: Stone
      objectReference: {fileID: 0}
    - target: {fileID: 7219852423253413766, guid: 69d68e2ebabfbbd44a38cfb1c66008d9, type: 3}
      propertyPath: m_RootOrder
      value: 5
      objectReference: {fileID: 0}
    - target: {fileID: 7219852423253413766, guid: 69d68e2ebabfbbd44a38cfb1c66008d9, type: 3}
      propertyPath: m_LocalScale.z
      value: 0.033333335
      objectReference: {fileID: 0}
    - target: {fileID: 7219852423253413766, guid: 69d68e2ebabfbbd44a38cfb1c66008d9, type: 3}
      propertyPath: m_LocalPosition.x
      value: 0
      objectReference: {fileID: 0}
    - target: {fileID: 7219852423253413766, guid: 69d68e2ebabfbbd44a38cfb1c66008d9, type: 3}
      propertyPath: m_LocalPosition.y
      value: 0.5
      objectReference: {fileID: 0}
    - target: {fileID: 7219852423253413766, guid: 69d68e2ebabfbbd44a38cfb1c66008d9, type: 3}
      propertyPath: m_LocalPosition.z
      value: 0.13333334
      objectReference: {fileID: 0}
    - target: {fileID: 7219852423253413766, guid: 69d68e2ebabfbbd44a38cfb1c66008d9, type: 3}
      propertyPath: m_LocalRotation.w
      value: 1
      objectReference: {fileID: 0}
    - target: {fileID: 7219852423253413766, guid: 69d68e2ebabfbbd44a38cfb1c66008d9, type: 3}
      propertyPath: m_LocalRotation.x
      value: -0
      objectReference: {fileID: 0}
    - target: {fileID: 7219852423253413766, guid: 69d68e2ebabfbbd44a38cfb1c66008d9, type: 3}
      propertyPath: m_LocalRotation.y
      value: -0
      objectReference: {fileID: 0}
    - target: {fileID: 7219852423253413766, guid: 69d68e2ebabfbbd44a38cfb1c66008d9, type: 3}
      propertyPath: m_LocalRotation.z
      value: -0
      objectReference: {fileID: 0}
    - target: {fileID: 7219852423253413766, guid: 69d68e2ebabfbbd44a38cfb1c66008d9, type: 3}
      propertyPath: m_LocalEulerAnglesHint.x
      value: 0
      objectReference: {fileID: 0}
    - target: {fileID: 7219852423253413766, guid: 69d68e2ebabfbbd44a38cfb1c66008d9, type: 3}
      propertyPath: m_LocalEulerAnglesHint.y
      value: 0
      objectReference: {fileID: 0}
    - target: {fileID: 7219852423253413766, guid: 69d68e2ebabfbbd44a38cfb1c66008d9, type: 3}
      propertyPath: m_LocalEulerAnglesHint.z
      value: 0
      objectReference: {fileID: 0}
    m_RemovedComponents: []
  m_SourcePrefab: {fileID: 100100000, guid: 69d68e2ebabfbbd44a38cfb1c66008d9, type: 3}
--- !u!4 &3441461409349443685 stripped
Transform:
  m_CorrespondingSourceObject: {fileID: 7219852423253413766, guid: 69d68e2ebabfbbd44a38cfb1c66008d9, type: 3}
  m_PrefabInstance: {fileID: 5472040044996751331}
  m_PrefabAsset: {fileID: 0}
--- !u!1001 &5822451545472436863
PrefabInstance:
  m_ObjectHideFlags: 0
  serializedVersion: 2
  m_Modification:
    m_TransformParent: {fileID: 920990683234396975}
    m_Modifications:
    - target: {fileID: 4241177675047549490, guid: 9af11a0242aba7a439835c0655edd47f, type: 3}
      propertyPath: m_RootOrder
      value: 4
      objectReference: {fileID: 0}
    - target: {fileID: 4241177675047549490, guid: 9af11a0242aba7a439835c0655edd47f, type: 3}
      propertyPath: m_LocalScale.z
      value: 0.016666668
      objectReference: {fileID: 0}
    - target: {fileID: 4241177675047549490, guid: 9af11a0242aba7a439835c0655edd47f, type: 3}
      propertyPath: m_LocalPosition.x
      value: 0
      objectReference: {fileID: 0}
    - target: {fileID: 4241177675047549490, guid: 9af11a0242aba7a439835c0655edd47f, type: 3}
      propertyPath: m_LocalPosition.y
      value: 0.75
      objectReference: {fileID: 0}
    - target: {fileID: 4241177675047549490, guid: 9af11a0242aba7a439835c0655edd47f, type: 3}
      propertyPath: m_LocalPosition.z
      value: -0.23333335
      objectReference: {fileID: 0}
    - target: {fileID: 4241177675047549490, guid: 9af11a0242aba7a439835c0655edd47f, type: 3}
      propertyPath: m_LocalRotation.w
      value: 1
      objectReference: {fileID: 0}
    - target: {fileID: 4241177675047549490, guid: 9af11a0242aba7a439835c0655edd47f, type: 3}
      propertyPath: m_LocalRotation.x
      value: -0
      objectReference: {fileID: 0}
    - target: {fileID: 4241177675047549490, guid: 9af11a0242aba7a439835c0655edd47f, type: 3}
      propertyPath: m_LocalRotation.y
      value: -0
      objectReference: {fileID: 0}
    - target: {fileID: 4241177675047549490, guid: 9af11a0242aba7a439835c0655edd47f, type: 3}
      propertyPath: m_LocalRotation.z
      value: -0
      objectReference: {fileID: 0}
    - target: {fileID: 4241177675047549490, guid: 9af11a0242aba7a439835c0655edd47f, type: 3}
      propertyPath: m_LocalEulerAnglesHint.x
      value: 0
      objectReference: {fileID: 0}
    - target: {fileID: 4241177675047549490, guid: 9af11a0242aba7a439835c0655edd47f, type: 3}
      propertyPath: m_LocalEulerAnglesHint.y
      value: 0
      objectReference: {fileID: 0}
    - target: {fileID: 4241177675047549490, guid: 9af11a0242aba7a439835c0655edd47f, type: 3}
      propertyPath: m_LocalEulerAnglesHint.z
      value: 0
      objectReference: {fileID: 0}
    - target: {fileID: 8620700468958496835, guid: 9af11a0242aba7a439835c0655edd47f, type: 3}
      propertyPath: m_Name
      value: Nest
      objectReference: {fileID: 0}
    m_RemovedComponents: []
  m_SourcePrefab: {fileID: 100100000, guid: 9af11a0242aba7a439835c0655edd47f, type: 3}
--- !u!4 &7644350516579381325 stripped
Transform:
  m_CorrespondingSourceObject: {fileID: 4241177675047549490, guid: 9af11a0242aba7a439835c0655edd47f, type: 3}
  m_PrefabInstance: {fileID: 5822451545472436863}
  m_PrefabAsset: {fileID: 0}
--- !u!1001 &6740883714235502752
PrefabInstance:
  m_ObjectHideFlags: 0
  serializedVersion: 2
  m_Modification:
    m_TransformParent: {fileID: 920990683234396975}
    m_Modifications:
    - target: {fileID: 5451109223519273330, guid: 8823fdc7727de364ca0fa5d2baed8910, type: 3}
      propertyPath: m_Name
      value: Tree (5)
      objectReference: {fileID: 0}
    - target: {fileID: 6304721549299933275, guid: 8823fdc7727de364ca0fa5d2baed8910, type: 3}
      propertyPath: m_RootOrder
      value: 9
      objectReference: {fileID: 0}
    - target: {fileID: 6304721549299933275, guid: 8823fdc7727de364ca0fa5d2baed8910, type: 3}
      propertyPath: m_LocalScale.z
      value: 0.033333335
      objectReference: {fileID: 0}
    - target: {fileID: 6304721549299933275, guid: 8823fdc7727de364ca0fa5d2baed8910, type: 3}
      propertyPath: m_LocalPosition.x
      value: 0
      objectReference: {fileID: 0}
    - target: {fileID: 6304721549299933275, guid: 8823fdc7727de364ca0fa5d2baed8910, type: 3}
      propertyPath: m_LocalPosition.y
      value: 1.5
      objectReference: {fileID: 0}
    - target: {fileID: 6304721549299933275, guid: 8823fdc7727de364ca0fa5d2baed8910, type: 3}
      propertyPath: m_LocalPosition.z
      value: 0.36666667
      objectReference: {fileID: 0}
    - target: {fileID: 6304721549299933275, guid: 8823fdc7727de364ca0fa5d2baed8910, type: 3}
      propertyPath: m_LocalRotation.w
      value: 1
      objectReference: {fileID: 0}
    - target: {fileID: 6304721549299933275, guid: 8823fdc7727de364ca0fa5d2baed8910, type: 3}
      propertyPath: m_LocalRotation.x
      value: -0
      objectReference: {fileID: 0}
    - target: {fileID: 6304721549299933275, guid: 8823fdc7727de364ca0fa5d2baed8910, type: 3}
      propertyPath: m_LocalRotation.y
      value: -0
      objectReference: {fileID: 0}
    - target: {fileID: 6304721549299933275, guid: 8823fdc7727de364ca0fa5d2baed8910, type: 3}
      propertyPath: m_LocalRotation.z
      value: -0
      objectReference: {fileID: 0}
    - target: {fileID: 6304721549299933275, guid: 8823fdc7727de364ca0fa5d2baed8910, type: 3}
      propertyPath: m_LocalEulerAnglesHint.x
      value: 0
      objectReference: {fileID: 0}
    - target: {fileID: 6304721549299933275, guid: 8823fdc7727de364ca0fa5d2baed8910, type: 3}
      propertyPath: m_LocalEulerAnglesHint.y
      value: 0
      objectReference: {fileID: 0}
    - target: {fileID: 6304721549299933275, guid: 8823fdc7727de364ca0fa5d2baed8910, type: 3}
      propertyPath: m_LocalEulerAnglesHint.z
      value: 0
      objectReference: {fileID: 0}
    m_RemovedComponents: []
  m_SourcePrefab: {fileID: 100100000, guid: 8823fdc7727de364ca0fa5d2baed8910, type: 3}
--- !u!4 &788887350577787131 stripped
Transform:
  m_CorrespondingSourceObject: {fileID: 6304721549299933275, guid: 8823fdc7727de364ca0fa5d2baed8910, type: 3}
  m_PrefabInstance: {fileID: 6740883714235502752}
  m_PrefabAsset: {fileID: 0}
--- !u!1001 &8847775295618743572
PrefabInstance:
  m_ObjectHideFlags: 0
  serializedVersion: 2
  m_Modification:
    m_TransformParent: {fileID: 920990683234396975}
    m_Modifications:
    - target: {fileID: 5451109223519273330, guid: 8823fdc7727de364ca0fa5d2baed8910, type: 3}
      propertyPath: m_Name
      value: Tree (1)
      objectReference: {fileID: 0}
    - target: {fileID: 6304721549299933275, guid: 8823fdc7727de364ca0fa5d2baed8910, type: 3}
      propertyPath: m_RootOrder
      value: 6
      objectReference: {fileID: 0}
    - target: {fileID: 6304721549299933275, guid: 8823fdc7727de364ca0fa5d2baed8910, type: 3}
      propertyPath: m_LocalScale.z
      value: 0.033333335
      objectReference: {fileID: 0}
    - target: {fileID: 6304721549299933275, guid: 8823fdc7727de364ca0fa5d2baed8910, type: 3}
      propertyPath: m_LocalPosition.x
      value: 0
      objectReference: {fileID: 0}
    - target: {fileID: 6304721549299933275, guid: 8823fdc7727de364ca0fa5d2baed8910, type: 3}
      propertyPath: m_LocalPosition.y
      value: 1.5
      objectReference: {fileID: 0}
    - target: {fileID: 6304721549299933275, guid: 8823fdc7727de364ca0fa5d2baed8910, type: 3}
      propertyPath: m_LocalPosition.z
      value: -0.3
      objectReference: {fileID: 0}
    - target: {fileID: 6304721549299933275, guid: 8823fdc7727de364ca0fa5d2baed8910, type: 3}
      propertyPath: m_LocalRotation.w
      value: 1
      objectReference: {fileID: 0}
    - target: {fileID: 6304721549299933275, guid: 8823fdc7727de364ca0fa5d2baed8910, type: 3}
      propertyPath: m_LocalRotation.x
      value: -0
      objectReference: {fileID: 0}
    - target: {fileID: 6304721549299933275, guid: 8823fdc7727de364ca0fa5d2baed8910, type: 3}
      propertyPath: m_LocalRotation.y
      value: -0
      objectReference: {fileID: 0}
    - target: {fileID: 6304721549299933275, guid: 8823fdc7727de364ca0fa5d2baed8910, type: 3}
      propertyPath: m_LocalRotation.z
      value: -0
      objectReference: {fileID: 0}
    - target: {fileID: 6304721549299933275, guid: 8823fdc7727de364ca0fa5d2baed8910, type: 3}
      propertyPath: m_LocalEulerAnglesHint.x
      value: 0
      objectReference: {fileID: 0}
    - target: {fileID: 6304721549299933275, guid: 8823fdc7727de364ca0fa5d2baed8910, type: 3}
      propertyPath: m_LocalEulerAnglesHint.y
      value: 0
      objectReference: {fileID: 0}
    - target: {fileID: 6304721549299933275, guid: 8823fdc7727de364ca0fa5d2baed8910, type: 3}
      propertyPath: m_LocalEulerAnglesHint.z
      value: 0
      objectReference: {fileID: 0}
    m_RemovedComponents: []
  m_SourcePrefab: {fileID: 100100000, guid: 8823fdc7727de364ca0fa5d2baed8910, type: 3}
--- !u!4 &3294174325876268367 stripped
Transform:
  m_CorrespondingSourceObject: {fileID: 6304721549299933275, guid: 8823fdc7727de364ca0fa5d2baed8910, type: 3}
  m_PrefabInstance: {fileID: 8847775295618743572}
  m_PrefabAsset: {fileID: 0}
