%YAML 1.1
%TAG !u! tag:unity3d.com,2011:
--- !u!1 &1154468308421566942
GameObject:
  m_ObjectHideFlags: 0
  m_CorrespondingSourceObject: {fileID: 0}
  m_PrefabInstance: {fileID: 0}
  m_PrefabAsset: {fileID: 0}
  serializedVersion: 6
  m_Component:
  - component: {fileID: 4107646537854765592}
  - component: {fileID: 8991303494799151746}
  - component: {fileID: 4675432062736016648}
  - component: {fileID: 5681127559914238534}
  m_Layer: 0
  m_Name: RoadLine
  m_TagString: Untagged
  m_Icon: {fileID: 0}
  m_NavMeshLayer: 0
  m_StaticEditorFlags: 0
  m_IsActive: 1
--- !u!4 &4107646537854765592
Transform:
  m_ObjectHideFlags: 0
  m_CorrespondingSourceObject: {fileID: 0}
  m_PrefabInstance: {fileID: 0}
  m_PrefabAsset: {fileID: 0}
  m_GameObject: {fileID: 1154468308421566942}
  m_LocalRotation: {x: 0, y: 0, z: 0, w: 1}
  m_LocalPosition: {x: 60, y: 0, z: 0}
  m_LocalScale: {x: 1, y: 1, z: 30}
  m_ConstrainProportionsScale: 0
  m_Children:
  - {fileID: 2690461040555579679}
  - {fileID: 7679295931543196453}
  - {fileID: 2451524719207245951}
  - {fileID: 7018936708700513569}
  - {fileID: 9142225894296315674}
  - {fileID: 1284780128490097443}
  - {fileID: 1230790256401068693}
  - {fileID: 8959211883698689706}
  - {fileID: 6954334042053967173}
  - {fileID: 3875980587865700791}
  m_Father: {fileID: 0}
  m_RootOrder: 0
  m_LocalEulerAnglesHint: {x: 0, y: 0, z: 0}
--- !u!33 &8991303494799151746
MeshFilter:
  m_ObjectHideFlags: 0
  m_CorrespondingSourceObject: {fileID: 0}
  m_PrefabInstance: {fileID: 0}
  m_PrefabAsset: {fileID: 0}
  m_GameObject: {fileID: 1154468308421566942}
  m_Mesh: {fileID: 10202, guid: 0000000000000000e000000000000000, type: 0}
--- !u!23 &4675432062736016648
MeshRenderer:
  m_ObjectHideFlags: 0
  m_CorrespondingSourceObject: {fileID: 0}
  m_PrefabInstance: {fileID: 0}
  m_PrefabAsset: {fileID: 0}
  m_GameObject: {fileID: 1154468308421566942}
  m_Enabled: 1
  m_CastShadows: 1
  m_ReceiveShadows: 1
  m_DynamicOccludee: 1
  m_StaticShadowCaster: 0
  m_MotionVectors: 1
  m_LightProbeUsage: 1
  m_ReflectionProbeUsage: 1
  m_RayTracingMode: 2
  m_RayTraceProcedural: 0
  m_RenderingLayerMask: 1
  m_RendererPriority: 0
  m_Materials:
  - {fileID: 10303, guid: 0000000000000000f000000000000000, type: 0}
  m_StaticBatchInfo:
    firstSubMesh: 0
    subMeshCount: 0
  m_StaticBatchRoot: {fileID: 0}
  m_ProbeAnchor: {fileID: 0}
  m_LightProbeVolumeOverride: {fileID: 0}
  m_ScaleInLightmap: 1
  m_ReceiveGI: 1
  m_PreserveUVs: 0
  m_IgnoreNormalsForChartDetection: 0
  m_ImportantGI: 0
  m_StitchLightmapSeams: 1
  m_SelectedEditorRenderState: 3
  m_MinimumChartSize: 4
  m_AutoUVMaxDistance: 0.5
  m_AutoUVMaxAngle: 89
  m_LightmapParameters: {fileID: 0}
  m_SortingLayerID: 0
  m_SortingLayer: 0
  m_SortingOrder: 0
  m_AdditionalVertexStreams: {fileID: 0}
--- !u!65 &5681127559914238534
BoxCollider:
  m_ObjectHideFlags: 0
  m_CorrespondingSourceObject: {fileID: 0}
  m_PrefabInstance: {fileID: 0}
  m_PrefabAsset: {fileID: 0}
  m_GameObject: {fileID: 1154468308421566942}
  m_Material: {fileID: 0}
  m_IsTrigger: 0
  m_Enabled: 1
  serializedVersion: 2
  m_Size: {x: 1, y: 1, z: 1}
  m_Center: {x: 0, y: 0, z: 0}
--- !u!1001 &637905258399396859
PrefabInstance:
  m_ObjectHideFlags: 0
  serializedVersion: 2
  m_Modification:
    m_TransformParent: {fileID: 4107646537854765592}
    m_Modifications:
    - target: {fileID: 412962175541363849, guid: c51126d9f6c74a34dae47da8d9e0a02e, type: 3}
      propertyPath: m_Name
      value: RoadStripe (2)
      objectReference: {fileID: 0}
    - target: {fileID: 3089429545754827652, guid: c51126d9f6c74a34dae47da8d9e0a02e, type: 3}
      propertyPath: m_RootOrder
      value: 2
      objectReference: {fileID: 0}
    - target: {fileID: 3089429545754827652, guid: c51126d9f6c74a34dae47da8d9e0a02e, type: 3}
      propertyPath: m_LocalScale.y
      value: 0.1
      objectReference: {fileID: 0}
    - target: {fileID: 3089429545754827652, guid: c51126d9f6c74a34dae47da8d9e0a02e, type: 3}
      propertyPath: m_LocalPosition.x
      value: 0.5
      objectReference: {fileID: 0}
    - target: {fileID: 3089429545754827652, guid: c51126d9f6c74a34dae47da8d9e0a02e, type: 3}
      propertyPath: m_LocalPosition.y
      value: 0.5
      objectReference: {fileID: 0}
    - target: {fileID: 3089429545754827652, guid: c51126d9f6c74a34dae47da8d9e0a02e, type: 3}
      propertyPath: m_LocalPosition.z
      value: 0
      objectReference: {fileID: 0}
    - target: {fileID: 3089429545754827652, guid: c51126d9f6c74a34dae47da8d9e0a02e, type: 3}
      propertyPath: m_LocalRotation.w
      value: 0.7071068
      objectReference: {fileID: 0}
    - target: {fileID: 3089429545754827652, guid: c51126d9f6c74a34dae47da8d9e0a02e, type: 3}
      propertyPath: m_LocalRotation.x
      value: 0.7071068
      objectReference: {fileID: 0}
    - target: {fileID: 3089429545754827652, guid: c51126d9f6c74a34dae47da8d9e0a02e, type: 3}
      propertyPath: m_LocalRotation.y
      value: -0
      objectReference: {fileID: 0}
    - target: {fileID: 3089429545754827652, guid: c51126d9f6c74a34dae47da8d9e0a02e, type: 3}
      propertyPath: m_LocalRotation.z
      value: -0
      objectReference: {fileID: 0}
    - target: {fileID: 3089429545754827652, guid: c51126d9f6c74a34dae47da8d9e0a02e, type: 3}
      propertyPath: m_LocalEulerAnglesHint.x
      value: 90
      objectReference: {fileID: 0}
    - target: {fileID: 3089429545754827652, guid: c51126d9f6c74a34dae47da8d9e0a02e, type: 3}
      propertyPath: m_LocalEulerAnglesHint.y
      value: 0
      objectReference: {fileID: 0}
    - target: {fileID: 3089429545754827652, guid: c51126d9f6c74a34dae47da8d9e0a02e, type: 3}
      propertyPath: m_LocalEulerAnglesHint.z
      value: 0
      objectReference: {fileID: 0}
    m_RemovedComponents: []
  m_SourcePrefab: {fileID: 100100000, guid: c51126d9f6c74a34dae47da8d9e0a02e, type: 3}
--- !u!4 &2451524719207245951 stripped
Transform:
  m_CorrespondingSourceObject: {fileID: 3089429545754827652, guid: c51126d9f6c74a34dae47da8d9e0a02e, type: 3}
  m_PrefabInstance: {fileID: 637905258399396859}
  m_PrefabAsset: {fileID: 0}
--- !u!1001 &1119614833785291419
PrefabInstance:
  m_ObjectHideFlags: 0
  serializedVersion: 2
  m_Modification:
    m_TransformParent: {fileID: 4107646537854765592}
    m_Modifications:
    - target: {fileID: 412962175541363849, guid: c51126d9f6c74a34dae47da8d9e0a02e, type: 3}
      propertyPath: m_Name
      value: RoadStripe
      objectReference: {fileID: 0}
    - target: {fileID: 3089429545754827652, guid: c51126d9f6c74a34dae47da8d9e0a02e, type: 3}
      propertyPath: m_RootOrder
      value: 0
      objectReference: {fileID: 0}
    - target: {fileID: 3089429545754827652, guid: c51126d9f6c74a34dae47da8d9e0a02e, type: 3}
      propertyPath: m_LocalScale.y
      value: 0.1
      objectReference: {fileID: 0}
    - target: {fileID: 3089429545754827652, guid: c51126d9f6c74a34dae47da8d9e0a02e, type: 3}
      propertyPath: m_LocalPosition.x
      value: 0.5
      objectReference: {fileID: 0}
    - target: {fileID: 3089429545754827652, guid: c51126d9f6c74a34dae47da8d9e0a02e, type: 3}
      propertyPath: m_LocalPosition.y
      value: 0.5
      objectReference: {fileID: 0}
    - target: {fileID: 3089429545754827652, guid: c51126d9f6c74a34dae47da8d9e0a02e, type: 3}
      propertyPath: m_LocalPosition.z
      value: -0.40000004
      objectReference: {fileID: 0}
    - target: {fileID: 3089429545754827652, guid: c51126d9f6c74a34dae47da8d9e0a02e, type: 3}
      propertyPath: m_LocalRotation.w
      value: 0.7071068
      objectReference: {fileID: 0}
    - target: {fileID: 3089429545754827652, guid: c51126d9f6c74a34dae47da8d9e0a02e, type: 3}
      propertyPath: m_LocalRotation.x
      value: 0.7071068
      objectReference: {fileID: 0}
    - target: {fileID: 3089429545754827652, guid: c51126d9f6c74a34dae47da8d9e0a02e, type: 3}
      propertyPath: m_LocalRotation.y
      value: -0
      objectReference: {fileID: 0}
    - target: {fileID: 3089429545754827652, guid: c51126d9f6c74a34dae47da8d9e0a02e, type: 3}
      propertyPath: m_LocalRotation.z
      value: -0
      objectReference: {fileID: 0}
    - target: {fileID: 3089429545754827652, guid: c51126d9f6c74a34dae47da8d9e0a02e, type: 3}
      propertyPath: m_LocalEulerAnglesHint.x
      value: 90
      objectReference: {fileID: 0}
    - target: {fileID: 3089429545754827652, guid: c51126d9f6c74a34dae47da8d9e0a02e, type: 3}
      propertyPath: m_LocalEulerAnglesHint.y
      value: 0
      objectReference: {fileID: 0}
    - target: {fileID: 3089429545754827652, guid: c51126d9f6c74a34dae47da8d9e0a02e, type: 3}
      propertyPath: m_LocalEulerAnglesHint.z
      value: 0
      objectReference: {fileID: 0}
    m_RemovedComponents: []
  m_SourcePrefab: {fileID: 100100000, guid: c51126d9f6c74a34dae47da8d9e0a02e, type: 3}
--- !u!4 &2690461040555579679 stripped
Transform:
  m_CorrespondingSourceObject: {fileID: 3089429545754827652, guid: c51126d9f6c74a34dae47da8d9e0a02e, type: 3}
  m_PrefabInstance: {fileID: 1119614833785291419}
  m_PrefabAsset: {fileID: 0}
--- !u!1001 &2239947090037531187
PrefabInstance:
  m_ObjectHideFlags: 0
  serializedVersion: 2
  m_Modification:
    m_TransformParent: {fileID: 4107646537854765592}
    m_Modifications:
    - target: {fileID: 412962175541363849, guid: c51126d9f6c74a34dae47da8d9e0a02e, type: 3}
      propertyPath: m_Name
      value: RoadStripe (9)
      objectReference: {fileID: 0}
    - target: {fileID: 3089429545754827652, guid: c51126d9f6c74a34dae47da8d9e0a02e, type: 3}
      propertyPath: m_RootOrder
      value: 9
      objectReference: {fileID: 0}
    - target: {fileID: 3089429545754827652, guid: c51126d9f6c74a34dae47da8d9e0a02e, type: 3}
      propertyPath: m_LocalScale.y
      value: 0.1
      objectReference: {fileID: 0}
    - target: {fileID: 3089429545754827652, guid: c51126d9f6c74a34dae47da8d9e0a02e, type: 3}
      propertyPath: m_LocalPosition.x
      value: -0.5
      objectReference: {fileID: 0}
    - target: {fileID: 3089429545754827652, guid: c51126d9f6c74a34dae47da8d9e0a02e, type: 3}
      propertyPath: m_LocalPosition.y
      value: 0.5
      objectReference: {fileID: 0}
    - target: {fileID: 3089429545754827652, guid: c51126d9f6c74a34dae47da8d9e0a02e, type: 3}
      propertyPath: m_LocalPosition.z
      value: 0.40000004
      objectReference: {fileID: 0}
    - target: {fileID: 3089429545754827652, guid: c51126d9f6c74a34dae47da8d9e0a02e, type: 3}
      propertyPath: m_LocalRotation.w
      value: 0.7071068
      objectReference: {fileID: 0}
    - target: {fileID: 3089429545754827652, guid: c51126d9f6c74a34dae47da8d9e0a02e, type: 3}
      propertyPath: m_LocalRotation.x
      value: 0.7071068
      objectReference: {fileID: 0}
    - target: {fileID: 3089429545754827652, guid: c51126d9f6c74a34dae47da8d9e0a02e, type: 3}
      propertyPath: m_LocalRotation.y
      value: -0
      objectReference: {fileID: 0}
    - target: {fileID: 3089429545754827652, guid: c51126d9f6c74a34dae47da8d9e0a02e, type: 3}
      propertyPath: m_LocalRotation.z
      value: -0
      objectReference: {fileID: 0}
    - target: {fileID: 3089429545754827652, guid: c51126d9f6c74a34dae47da8d9e0a02e, type: 3}
      propertyPath: m_LocalEulerAnglesHint.x
      value: 90
      objectReference: {fileID: 0}
    - target: {fileID: 3089429545754827652, guid: c51126d9f6c74a34dae47da8d9e0a02e, type: 3}
      propertyPath: m_LocalEulerAnglesHint.y
      value: 0
      objectReference: {fileID: 0}
    - target: {fileID: 3089429545754827652, guid: c51126d9f6c74a34dae47da8d9e0a02e, type: 3}
      propertyPath: m_LocalEulerAnglesHint.z
      value: 0
      objectReference: {fileID: 0}
    m_RemovedComponents: []
  m_SourcePrefab: {fileID: 100100000, guid: c51126d9f6c74a34dae47da8d9e0a02e, type: 3}
--- !u!4 &3875980587865700791 stripped
Transform:
  m_CorrespondingSourceObject: {fileID: 3089429545754827652, guid: c51126d9f6c74a34dae47da8d9e0a02e, type: 3}
  m_PrefabInstance: {fileID: 2239947090037531187}
  m_PrefabAsset: {fileID: 0}
--- !u!1001 &4254687193994498215
PrefabInstance:
  m_ObjectHideFlags: 0
  serializedVersion: 2
  m_Modification:
    m_TransformParent: {fileID: 4107646537854765592}
    m_Modifications:
    - target: {fileID: 412962175541363849, guid: c51126d9f6c74a34dae47da8d9e0a02e, type: 3}
      propertyPath: m_Name
      value: RoadStripe (5)
      objectReference: {fileID: 0}
    - target: {fileID: 3089429545754827652, guid: c51126d9f6c74a34dae47da8d9e0a02e, type: 3}
      propertyPath: m_RootOrder
      value: 5
      objectReference: {fileID: 0}
    - target: {fileID: 3089429545754827652, guid: c51126d9f6c74a34dae47da8d9e0a02e, type: 3}
      propertyPath: m_LocalScale.y
      value: 0.1
      objectReference: {fileID: 0}
    - target: {fileID: 3089429545754827652, guid: c51126d9f6c74a34dae47da8d9e0a02e, type: 3}
      propertyPath: m_LocalPosition.x
      value: -0.5
      objectReference: {fileID: 0}
    - target: {fileID: 3089429545754827652, guid: c51126d9f6c74a34dae47da8d9e0a02e, type: 3}
      propertyPath: m_LocalPosition.y
      value: 0.5
      objectReference: {fileID: 0}
    - target: {fileID: 3089429545754827652, guid: c51126d9f6c74a34dae47da8d9e0a02e, type: 3}
      propertyPath: m_LocalPosition.z
      value: -0.40000004
      objectReference: {fileID: 0}
    - target: {fileID: 3089429545754827652, guid: c51126d9f6c74a34dae47da8d9e0a02e, type: 3}
      propertyPath: m_LocalRotation.w
      value: 0.7071068
      objectReference: {fileID: 0}
    - target: {fileID: 3089429545754827652, guid: c51126d9f6c74a34dae47da8d9e0a02e, type: 3}
      propertyPath: m_LocalRotation.x
      value: 0.7071068
      objectReference: {fileID: 0}
    - target: {fileID: 3089429545754827652, guid: c51126d9f6c74a34dae47da8d9e0a02e, type: 3}
      propertyPath: m_LocalRotation.y
      value: -0
      objectReference: {fileID: 0}
    - target: {fileID: 3089429545754827652, guid: c51126d9f6c74a34dae47da8d9e0a02e, type: 3}
      propertyPath: m_LocalRotation.z
      value: -0
      objectReference: {fileID: 0}
    - target: {fileID: 3089429545754827652, guid: c51126d9f6c74a34dae47da8d9e0a02e, type: 3}
      propertyPath: m_LocalEulerAnglesHint.x
      value: 90
      objectReference: {fileID: 0}
    - target: {fileID: 3089429545754827652, guid: c51126d9f6c74a34dae47da8d9e0a02e, type: 3}
      propertyPath: m_LocalEulerAnglesHint.y
      value: 0
      objectReference: {fileID: 0}
    - target: {fileID: 3089429545754827652, guid: c51126d9f6c74a34dae47da8d9e0a02e, type: 3}
      propertyPath: m_LocalEulerAnglesHint.z
      value: 0
      objectReference: {fileID: 0}
    m_RemovedComponents: []
  m_SourcePrefab: {fileID: 100100000, guid: c51126d9f6c74a34dae47da8d9e0a02e, type: 3}
--- !u!4 &1284780128490097443 stripped
Transform:
  m_CorrespondingSourceObject: {fileID: 3089429545754827652, guid: c51126d9f6c74a34dae47da8d9e0a02e, type: 3}
  m_PrefabInstance: {fileID: 4254687193994498215}
  m_PrefabAsset: {fileID: 0}
--- !u!1001 &4308677081532475665
PrefabInstance:
  m_ObjectHideFlags: 0
  serializedVersion: 2
  m_Modification:
    m_TransformParent: {fileID: 4107646537854765592}
    m_Modifications:
    - target: {fileID: 412962175541363849, guid: c51126d9f6c74a34dae47da8d9e0a02e, type: 3}
      propertyPath: m_Name
      value: RoadStripe (6)
      objectReference: {fileID: 0}
    - target: {fileID: 3089429545754827652, guid: c51126d9f6c74a34dae47da8d9e0a02e, type: 3}
      propertyPath: m_RootOrder
      value: 6
      objectReference: {fileID: 0}
    - target: {fileID: 3089429545754827652, guid: c51126d9f6c74a34dae47da8d9e0a02e, type: 3}
      propertyPath: m_LocalScale.y
      value: 0.1
      objectReference: {fileID: 0}
    - target: {fileID: 3089429545754827652, guid: c51126d9f6c74a34dae47da8d9e0a02e, type: 3}
      propertyPath: m_LocalPosition.x
      value: -0.5
      objectReference: {fileID: 0}
    - target: {fileID: 3089429545754827652, guid: c51126d9f6c74a34dae47da8d9e0a02e, type: 3}
      propertyPath: m_LocalPosition.y
      value: 0.5
      objectReference: {fileID: 0}
    - target: {fileID: 3089429545754827652, guid: c51126d9f6c74a34dae47da8d9e0a02e, type: 3}
      propertyPath: m_LocalPosition.z
      value: -0.20000002
      objectReference: {fileID: 0}
    - target: {fileID: 3089429545754827652, guid: c51126d9f6c74a34dae47da8d9e0a02e, type: 3}
      propertyPath: m_LocalRotation.w
      value: 0.7071068
      objectReference: {fileID: 0}
    - target: {fileID: 3089429545754827652, guid: c51126d9f6c74a34dae47da8d9e0a02e, type: 3}
      propertyPath: m_LocalRotation.x
      value: 0.7071068
      objectReference: {fileID: 0}
    - target: {fileID: 3089429545754827652, guid: c51126d9f6c74a34dae47da8d9e0a02e, type: 3}
      propertyPath: m_LocalRotation.y
      value: -0
      objectReference: {fileID: 0}
    - target: {fileID: 3089429545754827652, guid: c51126d9f6c74a34dae47da8d9e0a02e, type: 3}
      propertyPath: m_LocalRotation.z
      value: -0
      objectReference: {fileID: 0}
    - target: {fileID: 3089429545754827652, guid: c51126d9f6c74a34dae47da8d9e0a02e, type: 3}
      propertyPath: m_LocalEulerAnglesHint.x
      value: 90
      objectReference: {fileID: 0}
    - target: {fileID: 3089429545754827652, guid: c51126d9f6c74a34dae47da8d9e0a02e, type: 3}
      propertyPath: m_LocalEulerAnglesHint.y
      value: 0
      objectReference: {fileID: 0}
    - target: {fileID: 3089429545754827652, guid: c51126d9f6c74a34dae47da8d9e0a02e, type: 3}
      propertyPath: m_LocalEulerAnglesHint.z
      value: 0
      objectReference: {fileID: 0}
    m_RemovedComponents: []
  m_SourcePrefab: {fileID: 100100000, guid: c51126d9f6c74a34dae47da8d9e0a02e, type: 3}
--- !u!4 &1230790256401068693 stripped
Transform:
  m_CorrespondingSourceObject: {fileID: 3089429545754827652, guid: c51126d9f6c74a34dae47da8d9e0a02e, type: 3}
  m_PrefabInstance: {fileID: 4308677081532475665}
  m_PrefabAsset: {fileID: 0}
--- !u!1001 &4633514876812920993
PrefabInstance:
  m_ObjectHideFlags: 0
  serializedVersion: 2
  m_Modification:
    m_TransformParent: {fileID: 4107646537854765592}
    m_Modifications:
    - target: {fileID: 412962175541363849, guid: c51126d9f6c74a34dae47da8d9e0a02e, type: 3}
      propertyPath: m_Name
      value: RoadStripe (1)
      objectReference: {fileID: 0}
    - target: {fileID: 3089429545754827652, guid: c51126d9f6c74a34dae47da8d9e0a02e, type: 3}
      propertyPath: m_RootOrder
      value: 1
      objectReference: {fileID: 0}
    - target: {fileID: 3089429545754827652, guid: c51126d9f6c74a34dae47da8d9e0a02e, type: 3}
      propertyPath: m_LocalScale.y
      value: 0.1
      objectReference: {fileID: 0}
    - target: {fileID: 3089429545754827652, guid: c51126d9f6c74a34dae47da8d9e0a02e, type: 3}
      propertyPath: m_LocalPosition.x
      value: 0.5
      objectReference: {fileID: 0}
    - target: {fileID: 3089429545754827652, guid: c51126d9f6c74a34dae47da8d9e0a02e, type: 3}
      propertyPath: m_LocalPosition.y
      value: 0.5
      objectReference: {fileID: 0}
    - target: {fileID: 3089429545754827652, guid: c51126d9f6c74a34dae47da8d9e0a02e, type: 3}
      propertyPath: m_LocalPosition.z
      value: -0.20000002
      objectReference: {fileID: 0}
    - target: {fileID: 3089429545754827652, guid: c51126d9f6c74a34dae47da8d9e0a02e, type: 3}
      propertyPath: m_LocalRotation.w
      value: 0.7071068
      objectReference: {fileID: 0}
    - target: {fileID: 3089429545754827652, guid: c51126d9f6c74a34dae47da8d9e0a02e, type: 3}
      propertyPath: m_LocalRotation.x
      value: 0.7071068
      objectReference: {fileID: 0}
    - target: {fileID: 3089429545754827652, guid: c51126d9f6c74a34dae47da8d9e0a02e, type: 3}
      propertyPath: m_LocalRotation.y
      value: -0
      objectReference: {fileID: 0}
    - target: {fileID: 3089429545754827652, guid: c51126d9f6c74a34dae47da8d9e0a02e, type: 3}
      propertyPath: m_LocalRotation.z
      value: -0
      objectReference: {fileID: 0}
    - target: {fileID: 3089429545754827652, guid: c51126d9f6c74a34dae47da8d9e0a02e, type: 3}
      propertyPath: m_LocalEulerAnglesHint.x
      value: 90
      objectReference: {fileID: 0}
    - target: {fileID: 3089429545754827652, guid: c51126d9f6c74a34dae47da8d9e0a02e, type: 3}
      propertyPath: m_LocalEulerAnglesHint.y
      value: 0
      objectReference: {fileID: 0}
    - target: {fileID: 3089429545754827652, guid: c51126d9f6c74a34dae47da8d9e0a02e, type: 3}
      propertyPath: m_LocalEulerAnglesHint.z
      value: 0
      objectReference: {fileID: 0}
    m_RemovedComponents: []
  m_SourcePrefab: {fileID: 100100000, guid: c51126d9f6c74a34dae47da8d9e0a02e, type: 3}
--- !u!4 &7679295931543196453 stripped
Transform:
  m_CorrespondingSourceObject: {fileID: 3089429545754827652, guid: c51126d9f6c74a34dae47da8d9e0a02e, type: 3}
  m_PrefabInstance: {fileID: 4633514876812920993}
  m_PrefabAsset: {fileID: 0}
--- !u!1001 &5358467970657445569
PrefabInstance:
  m_ObjectHideFlags: 0
  serializedVersion: 2
  m_Modification:
    m_TransformParent: {fileID: 4107646537854765592}
    m_Modifications:
    - target: {fileID: 412962175541363849, guid: c51126d9f6c74a34dae47da8d9e0a02e, type: 3}
      propertyPath: m_Name
      value: RoadStripe (8)
      objectReference: {fileID: 0}
    - target: {fileID: 3089429545754827652, guid: c51126d9f6c74a34dae47da8d9e0a02e, type: 3}
      propertyPath: m_RootOrder
      value: 8
      objectReference: {fileID: 0}
    - target: {fileID: 3089429545754827652, guid: c51126d9f6c74a34dae47da8d9e0a02e, type: 3}
      propertyPath: m_LocalScale.y
      value: 0.1
      objectReference: {fileID: 0}
    - target: {fileID: 3089429545754827652, guid: c51126d9f6c74a34dae47da8d9e0a02e, type: 3}
      propertyPath: m_LocalPosition.x
      value: -0.5
      objectReference: {fileID: 0}
    - target: {fileID: 3089429545754827652, guid: c51126d9f6c74a34dae47da8d9e0a02e, type: 3}
      propertyPath: m_LocalPosition.y
      value: 0.5
      objectReference: {fileID: 0}
    - target: {fileID: 3089429545754827652, guid: c51126d9f6c74a34dae47da8d9e0a02e, type: 3}
      propertyPath: m_LocalPosition.z
      value: 0.20000002
      objectReference: {fileID: 0}
    - target: {fileID: 3089429545754827652, guid: c51126d9f6c74a34dae47da8d9e0a02e, type: 3}
      propertyPath: m_LocalRotation.w
      value: 0.7071068
      objectReference: {fileID: 0}
    - target: {fileID: 3089429545754827652, guid: c51126d9f6c74a34dae47da8d9e0a02e, type: 3}
      propertyPath: m_LocalRotation.x
      value: 0.7071068
      objectReference: {fileID: 0}
    - target: {fileID: 3089429545754827652, guid: c51126d9f6c74a34dae47da8d9e0a02e, type: 3}
      propertyPath: m_LocalRotation.y
      value: -0
      objectReference: {fileID: 0}
    - target: {fileID: 3089429545754827652, guid: c51126d9f6c74a34dae47da8d9e0a02e, type: 3}
      propertyPath: m_LocalRotation.z
      value: -0
      objectReference: {fileID: 0}
    - target: {fileID: 3089429545754827652, guid: c51126d9f6c74a34dae47da8d9e0a02e, type: 3}
      propertyPath: m_LocalEulerAnglesHint.x
      value: 90
      objectReference: {fileID: 0}
    - target: {fileID: 3089429545754827652, guid: c51126d9f6c74a34dae47da8d9e0a02e, type: 3}
      propertyPath: m_LocalEulerAnglesHint.y
      value: 0
      objectReference: {fileID: 0}
    - target: {fileID: 3089429545754827652, guid: c51126d9f6c74a34dae47da8d9e0a02e, type: 3}
      propertyPath: m_LocalEulerAnglesHint.z
      value: 0
      objectReference: {fileID: 0}
    m_RemovedComponents: []
  m_SourcePrefab: {fileID: 100100000, guid: c51126d9f6c74a34dae47da8d9e0a02e, type: 3}
--- !u!4 &6954334042053967173 stripped
Transform:
  m_CorrespondingSourceObject: {fileID: 3089429545754827652, guid: c51126d9f6c74a34dae47da8d9e0a02e, type: 3}
  m_PrefabInstance: {fileID: 5358467970657445569}
  m_PrefabAsset: {fileID: 0}
--- !u!1001 &5456003686286966437
PrefabInstance:
  m_ObjectHideFlags: 0
  serializedVersion: 2
  m_Modification:
    m_TransformParent: {fileID: 4107646537854765592}
    m_Modifications:
    - target: {fileID: 412962175541363849, guid: c51126d9f6c74a34dae47da8d9e0a02e, type: 3}
      propertyPath: m_Name
      value: RoadStripe (3)
      objectReference: {fileID: 0}
    - target: {fileID: 3089429545754827652, guid: c51126d9f6c74a34dae47da8d9e0a02e, type: 3}
      propertyPath: m_RootOrder
      value: 3
      objectReference: {fileID: 0}
    - target: {fileID: 3089429545754827652, guid: c51126d9f6c74a34dae47da8d9e0a02e, type: 3}
      propertyPath: m_LocalScale.y
      value: 0.1
      objectReference: {fileID: 0}
    - target: {fileID: 3089429545754827652, guid: c51126d9f6c74a34dae47da8d9e0a02e, type: 3}
      propertyPath: m_LocalPosition.x
      value: 0.5
      objectReference: {fileID: 0}
    - target: {fileID: 3089429545754827652, guid: c51126d9f6c74a34dae47da8d9e0a02e, type: 3}
      propertyPath: m_LocalPosition.y
      value: 0.5
      objectReference: {fileID: 0}
    - target: {fileID: 3089429545754827652, guid: c51126d9f6c74a34dae47da8d9e0a02e, type: 3}
      propertyPath: m_LocalPosition.z
      value: 0.20000002
      objectReference: {fileID: 0}
    - target: {fileID: 3089429545754827652, guid: c51126d9f6c74a34dae47da8d9e0a02e, type: 3}
      propertyPath: m_LocalRotation.w
      value: 0.7071068
      objectReference: {fileID: 0}
    - target: {fileID: 3089429545754827652, guid: c51126d9f6c74a34dae47da8d9e0a02e, type: 3}
      propertyPath: m_LocalRotation.x
      value: 0.7071068
      objectReference: {fileID: 0}
    - target: {fileID: 3089429545754827652, guid: c51126d9f6c74a34dae47da8d9e0a02e, type: 3}
      propertyPath: m_LocalRotation.y
      value: -0
      objectReference: {fileID: 0}
    - target: {fileID: 3089429545754827652, guid: c51126d9f6c74a34dae47da8d9e0a02e, type: 3}
      propertyPath: m_LocalRotation.z
      value: -0
      objectReference: {fileID: 0}
    - target: {fileID: 3089429545754827652, guid: c51126d9f6c74a34dae47da8d9e0a02e, type: 3}
      propertyPath: m_LocalEulerAnglesHint.x
      value: 90
      objectReference: {fileID: 0}
    - target: {fileID: 3089429545754827652, guid: c51126d9f6c74a34dae47da8d9e0a02e, type: 3}
      propertyPath: m_LocalEulerAnglesHint.y
      value: 0
      objectReference: {fileID: 0}
    - target: {fileID: 3089429545754827652, guid: c51126d9f6c74a34dae47da8d9e0a02e, type: 3}
      propertyPath: m_LocalEulerAnglesHint.z
      value: 0
      objectReference: {fileID: 0}
    m_RemovedComponents: []
  m_SourcePrefab: {fileID: 100100000, guid: c51126d9f6c74a34dae47da8d9e0a02e, type: 3}
--- !u!4 &7018936708700513569 stripped
Transform:
  m_CorrespondingSourceObject: {fileID: 3089429545754827652, guid: c51126d9f6c74a34dae47da8d9e0a02e, type: 3}
  m_PrefabInstance: {fileID: 5456003686286966437}
  m_PrefabAsset: {fileID: 0}
--- !u!1001 &6052958634151312542
PrefabInstance:
  m_ObjectHideFlags: 0
  serializedVersion: 2
  m_Modification:
    m_TransformParent: {fileID: 4107646537854765592}
    m_Modifications:
    - target: {fileID: 412962175541363849, guid: c51126d9f6c74a34dae47da8d9e0a02e, type: 3}
      propertyPath: m_Name
      value: RoadStripe (4)
      objectReference: {fileID: 0}
    - target: {fileID: 3089429545754827652, guid: c51126d9f6c74a34dae47da8d9e0a02e, type: 3}
      propertyPath: m_RootOrder
      value: 4
      objectReference: {fileID: 0}
    - target: {fileID: 3089429545754827652, guid: c51126d9f6c74a34dae47da8d9e0a02e, type: 3}
      propertyPath: m_LocalScale.y
      value: 0.1
      objectReference: {fileID: 0}
    - target: {fileID: 3089429545754827652, guid: c51126d9f6c74a34dae47da8d9e0a02e, type: 3}
      propertyPath: m_LocalPosition.x
      value: 0.5
      objectReference: {fileID: 0}
    - target: {fileID: 3089429545754827652, guid: c51126d9f6c74a34dae47da8d9e0a02e, type: 3}
      propertyPath: m_LocalPosition.y
      value: 0.5
      objectReference: {fileID: 0}
    - target: {fileID: 3089429545754827652, guid: c51126d9f6c74a34dae47da8d9e0a02e, type: 3}
      propertyPath: m_LocalPosition.z
      value: 0.40000004
      objectReference: {fileID: 0}
    - target: {fileID: 3089429545754827652, guid: c51126d9f6c74a34dae47da8d9e0a02e, type: 3}
      propertyPath: m_LocalRotation.w
      value: 0.7071068
      objectReference: {fileID: 0}
    - target: {fileID: 3089429545754827652, guid: c51126d9f6c74a34dae47da8d9e0a02e, type: 3}
      propertyPath: m_LocalRotation.x
      value: 0.7071068
      objectReference: {fileID: 0}
    - target: {fileID: 3089429545754827652, guid: c51126d9f6c74a34dae47da8d9e0a02e, type: 3}
      propertyPath: m_LocalRotation.y
      value: -0
      objectReference: {fileID: 0}
    - target: {fileID: 3089429545754827652, guid: c51126d9f6c74a34dae47da8d9e0a02e, type: 3}
      propertyPath: m_LocalRotation.z
      value: -0
      objectReference: {fileID: 0}
    - target: {fileID: 3089429545754827652, guid: c51126d9f6c74a34dae47da8d9e0a02e, type: 3}
      propertyPath: m_LocalEulerAnglesHint.x
      value: 90
      objectReference: {fileID: 0}
    - target: {fileID: 3089429545754827652, guid: c51126d9f6c74a34dae47da8d9e0a02e, type: 3}
      propertyPath: m_LocalEulerAnglesHint.y
      value: 0
      objectReference: {fileID: 0}
    - target: {fileID: 3089429545754827652, guid: c51126d9f6c74a34dae47da8d9e0a02e, type: 3}
      propertyPath: m_LocalEulerAnglesHint.z
      value: 0
      objectReference: {fileID: 0}
    m_RemovedComponents: []
  m_SourcePrefab: {fileID: 100100000, guid: c51126d9f6c74a34dae47da8d9e0a02e, type: 3}
--- !u!4 &9142225894296315674 stripped
Transform:
  m_CorrespondingSourceObject: {fileID: 3089429545754827652, guid: c51126d9f6c74a34dae47da8d9e0a02e, type: 3}
  m_PrefabInstance: {fileID: 6052958634151312542}
  m_PrefabAsset: {fileID: 0}
--- !u!1001 &6235893872812199214
PrefabInstance:
  m_ObjectHideFlags: 0
  serializedVersion: 2
  m_Modification:
    m_TransformParent: {fileID: 4107646537854765592}
    m_Modifications:
    - target: {fileID: 412962175541363849, guid: c51126d9f6c74a34dae47da8d9e0a02e, type: 3}
      propertyPath: m_Name
      value: RoadStripe (7)
      objectReference: {fileID: 0}
    - target: {fileID: 3089429545754827652, guid: c51126d9f6c74a34dae47da8d9e0a02e, type: 3}
      propertyPath: m_RootOrder
      value: 7
      objectReference: {fileID: 0}
    - target: {fileID: 3089429545754827652, guid: c51126d9f6c74a34dae47da8d9e0a02e, type: 3}
      propertyPath: m_LocalScale.y
      value: 0.1
      objectReference: {fileID: 0}
    - target: {fileID: 3089429545754827652, guid: c51126d9f6c74a34dae47da8d9e0a02e, type: 3}
      propertyPath: m_LocalPosition.x
      value: -0.5
      objectReference: {fileID: 0}
    - target: {fileID: 3089429545754827652, guid: c51126d9f6c74a34dae47da8d9e0a02e, type: 3}
      propertyPath: m_LocalPosition.y
      value: 0.5
      objectReference: {fileID: 0}
    - target: {fileID: 3089429545754827652, guid: c51126d9f6c74a34dae47da8d9e0a02e, type: 3}
      propertyPath: m_LocalPosition.z
      value: 0
      objectReference: {fileID: 0}
    - target: {fileID: 3089429545754827652, guid: c51126d9f6c74a34dae47da8d9e0a02e, type: 3}
      propertyPath: m_LocalRotation.w
      value: 0.7071068
      objectReference: {fileID: 0}
    - target: {fileID: 3089429545754827652, guid: c51126d9f6c74a34dae47da8d9e0a02e, type: 3}
      propertyPath: m_LocalRotation.x
      value: 0.7071068
      objectReference: {fileID: 0}
    - target: {fileID: 3089429545754827652, guid: c51126d9f6c74a34dae47da8d9e0a02e, type: 3}
      propertyPath: m_LocalRotation.y
      value: -0
      objectReference: {fileID: 0}
    - target: {fileID: 3089429545754827652, guid: c51126d9f6c74a34dae47da8d9e0a02e, type: 3}
      propertyPath: m_LocalRotation.z
      value: -0
      objectReference: {fileID: 0}
    - target: {fileID: 3089429545754827652, guid: c51126d9f6c74a34dae47da8d9e0a02e, type: 3}
      propertyPath: m_LocalEulerAnglesHint.x
      value: 90
      objectReference: {fileID: 0}
    - target: {fileID: 3089429545754827652, guid: c51126d9f6c74a34dae47da8d9e0a02e, type: 3}
      propertyPath: m_LocalEulerAnglesHint.y
      value: 0
      objectReference: {fileID: 0}
    - target: {fileID: 3089429545754827652, guid: c51126d9f6c74a34dae47da8d9e0a02e, type: 3}
      propertyPath: m_LocalEulerAnglesHint.z
      value: 0
      objectReference: {fileID: 0}
    m_RemovedComponents: []
  m_SourcePrefab: {fileID: 100100000, guid: c51126d9f6c74a34dae47da8d9e0a02e, type: 3}
--- !u!4 &8959211883698689706 stripped
Transform:
  m_CorrespondingSourceObject: {fileID: 3089429545754827652, guid: c51126d9f6c74a34dae47da8d9e0a02e, type: 3}
  m_PrefabInstance: {fileID: 6235893872812199214}
  m_PrefabAsset: {fileID: 0}
