%YAML 1.1
%TAG !u! tag:unity3d.com,2011:
--- !u!1 &5546605659977810261
GameObject:
  m_ObjectHideFlags: 0
  m_CorrespondingSourceObject: {fileID: 0}
  m_PrefabInstance: {fileID: 0}
  m_PrefabAsset: {fileID: 0}
  serializedVersion: 6
  m_Component:
  - component: {fileID: 7349228602824436371}
  - component: {fileID: 2322582357576823305}
  - component: {fileID: 2026204260895933827}
  - component: {fileID: 1309304840749404877}
  m_Layer: 0
  m_Name: WaterLine2
  m_TagString: Untagged
  m_Icon: {fileID: 0}
  m_NavMeshLayer: 0
  m_StaticEditorFlags: 0
  m_IsActive: 1
--- !u!4 &7349228602824436371
Transform:
  m_ObjectHideFlags: 0
  m_CorrespondingSourceObject: {fileID: 0}
  m_PrefabInstance: {fileID: 0}
  m_PrefabAsset: {fileID: 0}
  m_GameObject: {fileID: 5546605659977810261}
  m_LocalRotation: {x: 0, y: 0, z: 0, w: 1}
  m_LocalPosition: {x: 120, y: 0, z: 0}
  m_LocalScale: {x: 1, y: 1, z: 30}
  m_ConstrainProportionsScale: 0
  m_Children:
  - {fileID: 3528174222716983452}
  - {fileID: 455164615952256211}
  m_Father: {fileID: 0}
  m_RootOrder: 0
  m_LocalEulerAnglesHint: {x: 0, y: 0, z: 0}
--- !u!33 &2322582357576823305
MeshFilter:
  m_ObjectHideFlags: 0
  m_CorrespondingSourceObject: {fileID: 0}
  m_PrefabInstance: {fileID: 0}
  m_PrefabAsset: {fileID: 0}
  m_GameObject: {fileID: 5546605659977810261}
  m_Mesh: {fileID: 10202, guid: 0000000000000000e000000000000000, type: 0}
--- !u!23 &2026204260895933827
MeshRenderer:
  m_ObjectHideFlags: 0
  m_CorrespondingSourceObject: {fileID: 0}
  m_PrefabInstance: {fileID: 0}
  m_PrefabAsset: {fileID: 0}
  m_GameObject: {fileID: 5546605659977810261}
  m_Enabled: 1
  m_CastShadows: 1
  m_ReceiveShadows: 1
  m_DynamicOccludee: 1
  m_StaticShadowCaster: 0
  m_MotionVectors: 1
  m_LightProbeUsage: 1
  m_ReflectionProbeUsage: 1
  m_RayTracingMode: 2
  m_RayTraceProcedural: 0
  m_RenderingLayerMask: 1
  m_RendererPriority: 0
  m_Materials:
  - {fileID: 10303, guid: 0000000000000000f000000000000000, type: 0}
  m_StaticBatchInfo:
    firstSubMesh: 0
    subMeshCount: 0
  m_StaticBatchRoot: {fileID: 0}
  m_ProbeAnchor: {fileID: 0}
  m_LightProbeVolumeOverride: {fileID: 0}
  m_ScaleInLightmap: 1
  m_ReceiveGI: 1
  m_PreserveUVs: 0
  m_IgnoreNormalsForChartDetection: 0
  m_ImportantGI: 0
  m_StitchLightmapSeams: 1
  m_SelectedEditorRenderState: 3
  m_MinimumChartSize: 4
  m_AutoUVMaxDistance: 0.5
  m_AutoUVMaxAngle: 89
  m_LightmapParameters: {fileID: 0}
  m_SortingLayerID: 0
  m_SortingLayer: 0
  m_SortingOrder: 0
  m_AdditionalVertexStreams: {fileID: 0}
--- !u!65 &1309304840749404877
BoxCollider:
  m_ObjectHideFlags: 0
  m_CorrespondingSourceObject: {fileID: 0}
  m_PrefabInstance: {fileID: 0}
  m_PrefabAsset: {fileID: 0}
  m_GameObject: {fileID: 5546605659977810261}
  m_Material: {fileID: 0}
  m_IsTrigger: 0
  m_Enabled: 1
  serializedVersion: 2
  m_Size: {x: 1, y: 1, z: 1}
  m_Center: {x: 0, y: 0, z: 0}
--- !u!1001 &5608456365523497290
PrefabInstance:
  m_ObjectHideFlags: 0
  serializedVersion: 2
  m_Modification:
    m_TransformParent: {fileID: 7349228602824436371}
    m_Modifications:
    - target: {fileID: 1400871666278994943, guid: bbd76b3a9d4d76e4baa688b141ff37cf, type: 3}
      propertyPath: m_Name
      value: Lily
      objectReference: {fileID: 0}
    - target: {fileID: 9017238458668820950, guid: bbd76b3a9d4d76e4baa688b141ff37cf, type: 3}
      propertyPath: m_RootOrder
      value: 0
      objectReference: {fileID: 0}
    - target: {fileID: 9017238458668820950, guid: bbd76b3a9d4d76e4baa688b141ff37cf, type: 3}
      propertyPath: m_LocalScale.z
      value: 0.033333335
      objectReference: {fileID: 0}
    - target: {fileID: 9017238458668820950, guid: bbd76b3a9d4d76e4baa688b141ff37cf, type: 3}
      propertyPath: m_LocalPosition.x
      value: 0
      objectReference: {fileID: 0}
    - target: {fileID: 9017238458668820950, guid: bbd76b3a9d4d76e4baa688b141ff37cf, type: 3}
      propertyPath: m_LocalPosition.y
      value: 0.575
      objectReference: {fileID: 0}
    - target: {fileID: 9017238458668820950, guid: bbd76b3a9d4d76e4baa688b141ff37cf, type: 3}
      propertyPath: m_LocalPosition.z
      value: -0.13333334
      objectReference: {fileID: 0}
    - target: {fileID: 9017238458668820950, guid: bbd76b3a9d4d76e4baa688b141ff37cf, type: 3}
      propertyPath: m_LocalRotation.w
      value: 1
      objectReference: {fileID: 0}
    - target: {fileID: 9017238458668820950, guid: bbd76b3a9d4d76e4baa688b141ff37cf, type: 3}
      propertyPath: m_LocalRotation.x
      value: -0
      objectReference: {fileID: 0}
    - target: {fileID: 9017238458668820950, guid: bbd76b3a9d4d76e4baa688b141ff37cf, type: 3}
      propertyPath: m_LocalRotation.y
      value: -0
      objectReference: {fileID: 0}
    - target: {fileID: 9017238458668820950, guid: bbd76b3a9d4d76e4baa688b141ff37cf, type: 3}
      propertyPath: m_LocalRotation.z
      value: -0
      objectReference: {fileID: 0}
    - target: {fileID: 9017238458668820950, guid: bbd76b3a9d4d76e4baa688b141ff37cf, type: 3}
      propertyPath: m_LocalEulerAnglesHint.x
      value: 0
      objectReference: {fileID: 0}
    - target: {fileID: 9017238458668820950, guid: bbd76b3a9d4d76e4baa688b141ff37cf, type: 3}
      propertyPath: m_LocalEulerAnglesHint.y
      value: 0
      objectReference: {fileID: 0}
    - target: {fileID: 9017238458668820950, guid: bbd76b3a9d4d76e4baa688b141ff37cf, type: 3}
      propertyPath: m_LocalEulerAnglesHint.z
      value: 0
      objectReference: {fileID: 0}
    m_RemovedComponents: []
  m_SourcePrefab: {fileID: 100100000, guid: bbd76b3a9d4d76e4baa688b141ff37cf, type: 3}
--- !u!4 &3528174222716983452 stripped
Transform:
  m_CorrespondingSourceObject: {fileID: 9017238458668820950, guid: bbd76b3a9d4d76e4baa688b141ff37cf, type: 3}
  m_PrefabInstance: {fileID: 5608456365523497290}
  m_PrefabAsset: {fileID: 0}
--- !u!1001 &8895378186949059845
PrefabInstance:
  m_ObjectHideFlags: 0
  serializedVersion: 2
  m_Modification:
    m_TransformParent: {fileID: 7349228602824436371}
    m_Modifications:
    - target: {fileID: 1400871666278994943, guid: bbd76b3a9d4d76e4baa688b141ff37cf, type: 3}
      propertyPath: m_Name
      value: Lily (1)
      objectReference: {fileID: 0}
    - target: {fileID: 9017238458668820950, guid: bbd76b3a9d4d76e4baa688b141ff37cf, type: 3}
      propertyPath: m_RootOrder
      value: 1
      objectReference: {fileID: 0}
    - target: {fileID: 9017238458668820950, guid: bbd76b3a9d4d76e4baa688b141ff37cf, type: 3}
      propertyPath: m_LocalScale.z
      value: 0.033333335
      objectReference: {fileID: 0}
    - target: {fileID: 9017238458668820950, guid: bbd76b3a9d4d76e4baa688b141ff37cf, type: 3}
      propertyPath: m_LocalPosition.x
      value: 0
      objectReference: {fileID: 0}
    - target: {fileID: 9017238458668820950, guid: bbd76b3a9d4d76e4baa688b141ff37cf, type: 3}
      propertyPath: m_LocalPosition.y
      value: 0.575
      objectReference: {fileID: 0}
    - target: {fileID: 9017238458668820950, guid: bbd76b3a9d4d76e4baa688b141ff37cf, type: 3}
      propertyPath: m_LocalPosition.z
      value: 0.13333334
      objectReference: {fileID: 0}
    - target: {fileID: 9017238458668820950, guid: bbd76b3a9d4d76e4baa688b141ff37cf, type: 3}
      propertyPath: m_LocalRotation.w
      value: 1
      objectReference: {fileID: 0}
    - target: {fileID: 9017238458668820950, guid: bbd76b3a9d4d76e4baa688b141ff37cf, type: 3}
      propertyPath: m_LocalRotation.x
      value: -0
      objectReference: {fileID: 0}
    - target: {fileID: 9017238458668820950, guid: bbd76b3a9d4d76e4baa688b141ff37cf, type: 3}
      propertyPath: m_LocalRotation.y
      value: -0
      objectReference: {fileID: 0}
    - target: {fileID: 9017238458668820950, guid: bbd76b3a9d4d76e4baa688b141ff37cf, type: 3}
      propertyPath: m_LocalRotation.z
      value: -0
      objectReference: {fileID: 0}
    - target: {fileID: 9017238458668820950, guid: bbd76b3a9d4d76e4baa688b141ff37cf, type: 3}
      propertyPath: m_LocalEulerAnglesHint.x
      value: 0
      objectReference: {fileID: 0}
    - target: {fileID: 9017238458668820950, guid: bbd76b3a9d4d76e4baa688b141ff37cf, type: 3}
      propertyPath: m_LocalEulerAnglesHint.y
      value: 0
      objectReference: {fileID: 0}
    - target: {fileID: 9017238458668820950, guid: bbd76b3a9d4d76e4baa688b141ff37cf, type: 3}
      propertyPath: m_LocalEulerAnglesHint.z
      value: 0
      objectReference: {fileID: 0}
    m_RemovedComponents: []
  m_SourcePrefab: {fileID: 100100000, guid: bbd76b3a9d4d76e4baa688b141ff37cf, type: 3}
--- !u!4 &455164615952256211 stripped
Transform:
  m_CorrespondingSourceObject: {fileID: 9017238458668820950, guid: bbd76b3a9d4d76e4baa688b141ff37cf, type: 3}
  m_PrefabInstance: {fileID: 8895378186949059845}
  m_PrefabAsset: {fileID: 0}
