%YAML 1.1
%TAG !u! tag:unity3d.com,2011:
--- !u!1 &7137761198732138001
GameObject:
  m_ObjectHideFlags: 0
  m_CorrespondingSourceObject: {fileID: 0}
  m_PrefabInstance: {fileID: 0}
  m_PrefabAsset: {fileID: 0}
  serializedVersion: 6
  m_Component:
  - component: {fileID: 5229205822361332611}
  - component: {fileID: 5565600472448738303}
  - component: {fileID: 2454648574421009502}
  - component: {fileID: 1910306714486556946}
  m_Layer: 0
  m_Name: GrassLine5
  m_TagString: Untagged
  m_Icon: {fileID: 0}
  m_NavMeshLayer: 0
  m_StaticEditorFlags: 0
  m_IsActive: 1
--- !u!4 &5229205822361332611
Transform:
  m_ObjectHideFlags: 0
  m_CorrespondingSourceObject: {fileID: 0}
  m_PrefabInstance: {fileID: 0}
  m_PrefabAsset: {fileID: 0}
  m_GameObject: {fileID: 7137761198732138001}
  m_LocalRotation: {x: 0, y: 0, z: 0, w: 1}
  m_LocalPosition: {x: 40, y: 0, z: 0}
  m_LocalScale: {x: 1, y: 1, z: 30}
  m_ConstrainProportionsScale: 0
  m_Children:
  - {fileID: 4267736394342964554}
  - {fileID: 1388151930617786742}
  - {fileID: 527397899996347427}
  - {fileID: 3719943030253776360}
  - {fileID: 3337143770006728929}
  - {fileID: 7753892561665401033}
  - {fileID: 3195755187029676037}
  m_Father: {fileID: 0}
  m_RootOrder: 0
  m_LocalEulerAnglesHint: {x: 0, y: 0, z: 0}
--- !u!33 &5565600472448738303
MeshFilter:
  m_ObjectHideFlags: 0
  m_CorrespondingSourceObject: {fileID: 0}
  m_PrefabInstance: {fileID: 0}
  m_PrefabAsset: {fileID: 0}
  m_GameObject: {fileID: 7137761198732138001}
  m_Mesh: {fileID: 10202, guid: 0000000000000000e000000000000000, type: 0}
--- !u!23 &2454648574421009502
MeshRenderer:
  m_ObjectHideFlags: 0
  m_CorrespondingSourceObject: {fileID: 0}
  m_PrefabInstance: {fileID: 0}
  m_PrefabAsset: {fileID: 0}
  m_GameObject: {fileID: 7137761198732138001}
  m_Enabled: 1
  m_CastShadows: 1
  m_ReceiveShadows: 1
  m_DynamicOccludee: 1
  m_StaticShadowCaster: 0
  m_MotionVectors: 1
  m_LightProbeUsage: 1
  m_ReflectionProbeUsage: 1
  m_RayTracingMode: 2
  m_RayTraceProcedural: 0
  m_RenderingLayerMask: 1
  m_RendererPriority: 0
  m_Materials:
  - {fileID: 10303, guid: 0000000000000000f000000000000000, type: 0}
  m_StaticBatchInfo:
    firstSubMesh: 0
    subMeshCount: 0
  m_StaticBatchRoot: {fileID: 0}
  m_ProbeAnchor: {fileID: 0}
  m_LightProbeVolumeOverride: {fileID: 0}
  m_ScaleInLightmap: 1
  m_ReceiveGI: 1
  m_PreserveUVs: 0
  m_IgnoreNormalsForChartDetection: 0
  m_ImportantGI: 0
  m_StitchLightmapSeams: 1
  m_SelectedEditorRenderState: 3
  m_MinimumChartSize: 4
  m_AutoUVMaxDistance: 0.5
  m_AutoUVMaxAngle: 89
  m_LightmapParameters: {fileID: 0}
  m_SortingLayerID: 0
  m_SortingLayer: 0
  m_SortingOrder: 0
  m_AdditionalVertexStreams: {fileID: 0}
--- !u!65 &1910306714486556946
BoxCollider:
  m_ObjectHideFlags: 0
  m_CorrespondingSourceObject: {fileID: 0}
  m_PrefabInstance: {fileID: 0}
  m_PrefabAsset: {fileID: 0}
  m_GameObject: {fileID: 7137761198732138001}
  m_Material: {fileID: 0}
  m_IsTrigger: 0
  m_Enabled: 1
  serializedVersion: 2
  m_Size: {x: 1, y: 1, z: 1}
  m_Center: {x: 0, y: 0, z: 0}
--- !u!1001 &1128518622463881039
PrefabInstance:
  m_ObjectHideFlags: 0
  serializedVersion: 2
  m_Modification:
    m_TransformParent: {fileID: 5229205822361332611}
    m_Modifications:
    - target: {fileID: 6906318502374121929, guid: 69d68e2ebabfbbd44a38cfb1c66008d9, type: 3}
      propertyPath: m_Name
      value: Stone
      objectReference: {fileID: 0}
    - target: {fileID: 7219852423253413766, guid: 69d68e2ebabfbbd44a38cfb1c66008d9, type: 3}
      propertyPath: m_RootOrder
      value: 5
      objectReference: {fileID: 0}
    - target: {fileID: 7219852423253413766, guid: 69d68e2ebabfbbd44a38cfb1c66008d9, type: 3}
      propertyPath: m_LocalScale.z
      value: 0.033333335
      objectReference: {fileID: 0}
    - target: {fileID: 7219852423253413766, guid: 69d68e2ebabfbbd44a38cfb1c66008d9, type: 3}
      propertyPath: m_LocalPosition.x
      value: 0
      objectReference: {fileID: 0}
    - target: {fileID: 7219852423253413766, guid: 69d68e2ebabfbbd44a38cfb1c66008d9, type: 3}
      propertyPath: m_LocalPosition.y
      value: 0.5
      objectReference: {fileID: 0}
    - target: {fileID: 7219852423253413766, guid: 69d68e2ebabfbbd44a38cfb1c66008d9, type: 3}
      propertyPath: m_LocalPosition.z
      value: 0
      objectReference: {fileID: 0}
    - target: {fileID: 7219852423253413766, guid: 69d68e2ebabfbbd44a38cfb1c66008d9, type: 3}
      propertyPath: m_LocalRotation.w
      value: 1
      objectReference: {fileID: 0}
    - target: {fileID: 7219852423253413766, guid: 69d68e2ebabfbbd44a38cfb1c66008d9, type: 3}
      propertyPath: m_LocalRotation.x
      value: -0
      objectReference: {fileID: 0}
    - target: {fileID: 7219852423253413766, guid: 69d68e2ebabfbbd44a38cfb1c66008d9, type: 3}
      propertyPath: m_LocalRotation.y
      value: -0
      objectReference: {fileID: 0}
    - target: {fileID: 7219852423253413766, guid: 69d68e2ebabfbbd44a38cfb1c66008d9, type: 3}
      propertyPath: m_LocalRotation.z
      value: -0
      objectReference: {fileID: 0}
    - target: {fileID: 7219852423253413766, guid: 69d68e2ebabfbbd44a38cfb1c66008d9, type: 3}
      propertyPath: m_LocalEulerAnglesHint.x
      value: 0
      objectReference: {fileID: 0}
    - target: {fileID: 7219852423253413766, guid: 69d68e2ebabfbbd44a38cfb1c66008d9, type: 3}
      propertyPath: m_LocalEulerAnglesHint.y
      value: 0
      objectReference: {fileID: 0}
    - target: {fileID: 7219852423253413766, guid: 69d68e2ebabfbbd44a38cfb1c66008d9, type: 3}
      propertyPath: m_LocalEulerAnglesHint.z
      value: 0
      objectReference: {fileID: 0}
    m_RemovedComponents: []
  m_SourcePrefab: {fileID: 100100000, guid: 69d68e2ebabfbbd44a38cfb1c66008d9, type: 3}
--- !u!4 &7753892561665401033 stripped
Transform:
  m_CorrespondingSourceObject: {fileID: 7219852423253413766, guid: 69d68e2ebabfbbd44a38cfb1c66008d9, type: 3}
  m_PrefabInstance: {fileID: 1128518622463881039}
  m_PrefabAsset: {fileID: 0}
--- !u!1001 &1482909184917637843
PrefabInstance:
  m_ObjectHideFlags: 0
  serializedVersion: 2
  m_Modification:
    m_TransformParent: {fileID: 5229205822361332611}
    m_Modifications:
    - target: {fileID: 4241177675047549490, guid: 9af11a0242aba7a439835c0655edd47f, type: 3}
      propertyPath: m_RootOrder
      value: 4
      objectReference: {fileID: 0}
    - target: {fileID: 4241177675047549490, guid: 9af11a0242aba7a439835c0655edd47f, type: 3}
      propertyPath: m_LocalScale.z
      value: 0.016666668
      objectReference: {fileID: 0}
    - target: {fileID: 4241177675047549490, guid: 9af11a0242aba7a439835c0655edd47f, type: 3}
      propertyPath: m_LocalPosition.x
      value: 0
      objectReference: {fileID: 0}
    - target: {fileID: 4241177675047549490, guid: 9af11a0242aba7a439835c0655edd47f, type: 3}
      propertyPath: m_LocalPosition.y
      value: 0.75
      objectReference: {fileID: 0}
    - target: {fileID: 4241177675047549490, guid: 9af11a0242aba7a439835c0655edd47f, type: 3}
      propertyPath: m_LocalPosition.z
      value: -0.13333334
      objectReference: {fileID: 0}
    - target: {fileID: 4241177675047549490, guid: 9af11a0242aba7a439835c0655edd47f, type: 3}
      propertyPath: m_LocalRotation.w
      value: 1
      objectReference: {fileID: 0}
    - target: {fileID: 4241177675047549490, guid: 9af11a0242aba7a439835c0655edd47f, type: 3}
      propertyPath: m_LocalRotation.x
      value: -0
      objectReference: {fileID: 0}
    - target: {fileID: 4241177675047549490, guid: 9af11a0242aba7a439835c0655edd47f, type: 3}
      propertyPath: m_LocalRotation.y
      value: -0
      objectReference: {fileID: 0}
    - target: {fileID: 4241177675047549490, guid: 9af11a0242aba7a439835c0655edd47f, type: 3}
      propertyPath: m_LocalRotation.z
      value: -0
      objectReference: {fileID: 0}
    - target: {fileID: 4241177675047549490, guid: 9af11a0242aba7a439835c0655edd47f, type: 3}
      propertyPath: m_LocalEulerAnglesHint.x
      value: 0
      objectReference: {fileID: 0}
    - target: {fileID: 4241177675047549490, guid: 9af11a0242aba7a439835c0655edd47f, type: 3}
      propertyPath: m_LocalEulerAnglesHint.y
      value: 0
      objectReference: {fileID: 0}
    - target: {fileID: 4241177675047549490, guid: 9af11a0242aba7a439835c0655edd47f, type: 3}
      propertyPath: m_LocalEulerAnglesHint.z
      value: 0
      objectReference: {fileID: 0}
    - target: {fileID: 8620700468958496835, guid: 9af11a0242aba7a439835c0655edd47f, type: 3}
      propertyPath: m_Name
      value: Nest
      objectReference: {fileID: 0}
    m_RemovedComponents: []
  m_SourcePrefab: {fileID: 100100000, guid: 9af11a0242aba7a439835c0655edd47f, type: 3}
--- !u!4 &3337143770006728929 stripped
Transform:
  m_CorrespondingSourceObject: {fileID: 4241177675047549490, guid: 9af11a0242aba7a439835c0655edd47f, type: 3}
  m_PrefabInstance: {fileID: 1482909184917637843}
  m_PrefabAsset: {fileID: 0}
--- !u!1001 &1621906055187573303
PrefabInstance:
  m_ObjectHideFlags: 0
  serializedVersion: 2
  m_Modification:
    m_TransformParent: {fileID: 5229205822361332611}
    m_Modifications:
    - target: {fileID: 4241177675047549490, guid: 9af11a0242aba7a439835c0655edd47f, type: 3}
      propertyPath: m_RootOrder
      value: 6
      objectReference: {fileID: 0}
    - target: {fileID: 4241177675047549490, guid: 9af11a0242aba7a439835c0655edd47f, type: 3}
      propertyPath: m_LocalScale.z
      value: 0.016666668
      objectReference: {fileID: 0}
    - target: {fileID: 4241177675047549490, guid: 9af11a0242aba7a439835c0655edd47f, type: 3}
      propertyPath: m_LocalPosition.x
      value: 0
      objectReference: {fileID: 0}
    - target: {fileID: 4241177675047549490, guid: 9af11a0242aba7a439835c0655edd47f, type: 3}
      propertyPath: m_LocalPosition.y
      value: 0.75
      objectReference: {fileID: 0}
    - target: {fileID: 4241177675047549490, guid: 9af11a0242aba7a439835c0655edd47f, type: 3}
      propertyPath: m_LocalPosition.z
      value: 0.36666667
      objectReference: {fileID: 0}
    - target: {fileID: 4241177675047549490, guid: 9af11a0242aba7a439835c0655edd47f, type: 3}
      propertyPath: m_LocalRotation.w
      value: 1
      objectReference: {fileID: 0}
    - target: {fileID: 4241177675047549490, guid: 9af11a0242aba7a439835c0655edd47f, type: 3}
      propertyPath: m_LocalRotation.x
      value: -0
      objectReference: {fileID: 0}
    - target: {fileID: 4241177675047549490, guid: 9af11a0242aba7a439835c0655edd47f, type: 3}
      propertyPath: m_LocalRotation.y
      value: -0
      objectReference: {fileID: 0}
    - target: {fileID: 4241177675047549490, guid: 9af11a0242aba7a439835c0655edd47f, type: 3}
      propertyPath: m_LocalRotation.z
      value: -0
      objectReference: {fileID: 0}
    - target: {fileID: 4241177675047549490, guid: 9af11a0242aba7a439835c0655edd47f, type: 3}
      propertyPath: m_LocalEulerAnglesHint.x
      value: 0
      objectReference: {fileID: 0}
    - target: {fileID: 4241177675047549490, guid: 9af11a0242aba7a439835c0655edd47f, type: 3}
      propertyPath: m_LocalEulerAnglesHint.y
      value: 0
      objectReference: {fileID: 0}
    - target: {fileID: 4241177675047549490, guid: 9af11a0242aba7a439835c0655edd47f, type: 3}
      propertyPath: m_LocalEulerAnglesHint.z
      value: 0
      objectReference: {fileID: 0}
    - target: {fileID: 8620700468958496835, guid: 9af11a0242aba7a439835c0655edd47f, type: 3}
      propertyPath: m_Name
      value: Nest (1)
      objectReference: {fileID: 0}
    m_RemovedComponents: []
  m_SourcePrefab: {fileID: 100100000, guid: 9af11a0242aba7a439835c0655edd47f, type: 3}
--- !u!4 &3195755187029676037 stripped
Transform:
  m_CorrespondingSourceObject: {fileID: 4241177675047549490, guid: 9af11a0242aba7a439835c0655edd47f, type: 3}
  m_PrefabInstance: {fileID: 1621906055187573303}
  m_PrefabAsset: {fileID: 0}
--- !u!1001 &4917202964163793197
PrefabInstance:
  m_ObjectHideFlags: 0
  serializedVersion: 2
  m_Modification:
    m_TransformParent: {fileID: 5229205822361332611}
    m_Modifications:
    - target: {fileID: 5451109223519273330, guid: 8823fdc7727de364ca0fa5d2baed8910, type: 3}
      propertyPath: m_Name
      value: Tree (2)
      objectReference: {fileID: 0}
    - target: {fileID: 6304721549299933275, guid: 8823fdc7727de364ca0fa5d2baed8910, type: 3}
      propertyPath: m_RootOrder
      value: 1
      objectReference: {fileID: 0}
    - target: {fileID: 6304721549299933275, guid: 8823fdc7727de364ca0fa5d2baed8910, type: 3}
      propertyPath: m_LocalScale.z
      value: 0.033333335
      objectReference: {fileID: 0}
    - target: {fileID: 6304721549299933275, guid: 8823fdc7727de364ca0fa5d2baed8910, type: 3}
      propertyPath: m_LocalPosition.x
      value: 0
      objectReference: {fileID: 0}
    - target: {fileID: 6304721549299933275, guid: 8823fdc7727de364ca0fa5d2baed8910, type: 3}
      propertyPath: m_LocalPosition.y
      value: 1.5
      objectReference: {fileID: 0}
    - target: {fileID: 6304721549299933275, guid: 8823fdc7727de364ca0fa5d2baed8910, type: 3}
      propertyPath: m_LocalPosition.z
      value: 0.23333335
      objectReference: {fileID: 0}
    - target: {fileID: 6304721549299933275, guid: 8823fdc7727de364ca0fa5d2baed8910, type: 3}
      propertyPath: m_LocalRotation.w
      value: 1
      objectReference: {fileID: 0}
    - target: {fileID: 6304721549299933275, guid: 8823fdc7727de364ca0fa5d2baed8910, type: 3}
      propertyPath: m_LocalRotation.x
      value: -0
      objectReference: {fileID: 0}
    - target: {fileID: 6304721549299933275, guid: 8823fdc7727de364ca0fa5d2baed8910, type: 3}
      propertyPath: m_LocalRotation.y
      value: -0
      objectReference: {fileID: 0}
    - target: {fileID: 6304721549299933275, guid: 8823fdc7727de364ca0fa5d2baed8910, type: 3}
      propertyPath: m_LocalRotation.z
      value: -0
      objectReference: {fileID: 0}
    - target: {fileID: 6304721549299933275, guid: 8823fdc7727de364ca0fa5d2baed8910, type: 3}
      propertyPath: m_LocalEulerAnglesHint.x
      value: 0
      objectReference: {fileID: 0}
    - target: {fileID: 6304721549299933275, guid: 8823fdc7727de364ca0fa5d2baed8910, type: 3}
      propertyPath: m_LocalEulerAnglesHint.y
      value: 0
      objectReference: {fileID: 0}
    - target: {fileID: 6304721549299933275, guid: 8823fdc7727de364ca0fa5d2baed8910, type: 3}
      propertyPath: m_LocalEulerAnglesHint.z
      value: 0
      objectReference: {fileID: 0}
    m_RemovedComponents: []
  m_SourcePrefab: {fileID: 100100000, guid: 8823fdc7727de364ca0fa5d2baed8910, type: 3}
--- !u!4 &1388151930617786742 stripped
Transform:
  m_CorrespondingSourceObject: {fileID: 6304721549299933275, guid: 8823fdc7727de364ca0fa5d2baed8910, type: 3}
  m_PrefabInstance: {fileID: 4917202964163793197}
  m_PrefabAsset: {fileID: 0}
--- !u!1001 &6317976318645641838
PrefabInstance:
  m_ObjectHideFlags: 0
  serializedVersion: 2
  m_Modification:
    m_TransformParent: {fileID: 5229205822361332611}
    m_Modifications:
    - target: {fileID: 6906318502374121929, guid: 69d68e2ebabfbbd44a38cfb1c66008d9, type: 3}
      propertyPath: m_Name
      value: Stone (1)
      objectReference: {fileID: 0}
    - target: {fileID: 7219852423253413766, guid: 69d68e2ebabfbbd44a38cfb1c66008d9, type: 3}
      propertyPath: m_RootOrder
      value: 3
      objectReference: {fileID: 0}
    - target: {fileID: 7219852423253413766, guid: 69d68e2ebabfbbd44a38cfb1c66008d9, type: 3}
      propertyPath: m_LocalScale.z
      value: 0.033333335
      objectReference: {fileID: 0}
    - target: {fileID: 7219852423253413766, guid: 69d68e2ebabfbbd44a38cfb1c66008d9, type: 3}
      propertyPath: m_LocalPosition.x
      value: 0
      objectReference: {fileID: 0}
    - target: {fileID: 7219852423253413766, guid: 69d68e2ebabfbbd44a38cfb1c66008d9, type: 3}
      propertyPath: m_LocalPosition.y
      value: 0.5
      objectReference: {fileID: 0}
    - target: {fileID: 7219852423253413766, guid: 69d68e2ebabfbbd44a38cfb1c66008d9, type: 3}
      propertyPath: m_LocalPosition.z
      value: 0.13333334
      objectReference: {fileID: 0}
    - target: {fileID: 7219852423253413766, guid: 69d68e2ebabfbbd44a38cfb1c66008d9, type: 3}
      propertyPath: m_LocalRotation.w
      value: 1
      objectReference: {fileID: 0}
    - target: {fileID: 7219852423253413766, guid: 69d68e2ebabfbbd44a38cfb1c66008d9, type: 3}
      propertyPath: m_LocalRotation.x
      value: -0
      objectReference: {fileID: 0}
    - target: {fileID: 7219852423253413766, guid: 69d68e2ebabfbbd44a38cfb1c66008d9, type: 3}
      propertyPath: m_LocalRotation.y
      value: -0
      objectReference: {fileID: 0}
    - target: {fileID: 7219852423253413766, guid: 69d68e2ebabfbbd44a38cfb1c66008d9, type: 3}
      propertyPath: m_LocalRotation.z
      value: -0
      objectReference: {fileID: 0}
    - target: {fileID: 7219852423253413766, guid: 69d68e2ebabfbbd44a38cfb1c66008d9, type: 3}
      propertyPath: m_LocalEulerAnglesHint.x
      value: 0
      objectReference: {fileID: 0}
    - target: {fileID: 7219852423253413766, guid: 69d68e2ebabfbbd44a38cfb1c66008d9, type: 3}
      propertyPath: m_LocalEulerAnglesHint.y
      value: 0
      objectReference: {fileID: 0}
    - target: {fileID: 7219852423253413766, guid: 69d68e2ebabfbbd44a38cfb1c66008d9, type: 3}
      propertyPath: m_LocalEulerAnglesHint.z
      value: 0
      objectReference: {fileID: 0}
    m_RemovedComponents: []
  m_SourcePrefab: {fileID: 100100000, guid: 69d68e2ebabfbbd44a38cfb1c66008d9, type: 3}
--- !u!4 &3719943030253776360 stripped
Transform:
  m_CorrespondingSourceObject: {fileID: 7219852423253413766, guid: 69d68e2ebabfbbd44a38cfb1c66008d9, type: 3}
  m_PrefabInstance: {fileID: 6317976318645641838}
  m_PrefabAsset: {fileID: 0}
--- !u!1001 &7161743884472742821
PrefabInstance:
  m_ObjectHideFlags: 0
  serializedVersion: 2
  m_Modification:
    m_TransformParent: {fileID: 5229205822361332611}
    m_Modifications:
    - target: {fileID: 6906318502374121929, guid: 69d68e2ebabfbbd44a38cfb1c66008d9, type: 3}
      propertyPath: m_Name
      value: Stone (2)
      objectReference: {fileID: 0}
    - target: {fileID: 7219852423253413766, guid: 69d68e2ebabfbbd44a38cfb1c66008d9, type: 3}
      propertyPath: m_RootOrder
      value: 2
      objectReference: {fileID: 0}
    - target: {fileID: 7219852423253413766, guid: 69d68e2ebabfbbd44a38cfb1c66008d9, type: 3}
      propertyPath: m_LocalScale.z
      value: 0.033333335
      objectReference: {fileID: 0}
    - target: {fileID: 7219852423253413766, guid: 69d68e2ebabfbbd44a38cfb1c66008d9, type: 3}
      propertyPath: m_LocalPosition.x
      value: 0
      objectReference: {fileID: 0}
    - target: {fileID: 7219852423253413766, guid: 69d68e2ebabfbbd44a38cfb1c66008d9, type: 3}
      propertyPath: m_LocalPosition.y
      value: 0.5
      objectReference: {fileID: 0}
    - target: {fileID: 7219852423253413766, guid: 69d68e2ebabfbbd44a38cfb1c66008d9, type: 3}
      propertyPath: m_LocalPosition.z
      value: -0.33333334
      objectReference: {fileID: 0}
    - target: {fileID: 7219852423253413766, guid: 69d68e2ebabfbbd44a38cfb1c66008d9, type: 3}
      propertyPath: m_LocalRotation.w
      value: 1
      objectReference: {fileID: 0}
    - target: {fileID: 7219852423253413766, guid: 69d68e2ebabfbbd44a38cfb1c66008d9, type: 3}
      propertyPath: m_LocalRotation.x
      value: -0
      objectReference: {fileID: 0}
    - target: {fileID: 7219852423253413766, guid: 69d68e2ebabfbbd44a38cfb1c66008d9, type: 3}
      propertyPath: m_LocalRotation.y
      value: -0
      objectReference: {fileID: 0}
    - target: {fileID: 7219852423253413766, guid: 69d68e2ebabfbbd44a38cfb1c66008d9, type: 3}
      propertyPath: m_LocalRotation.z
      value: -0
      objectReference: {fileID: 0}
    - target: {fileID: 7219852423253413766, guid: 69d68e2ebabfbbd44a38cfb1c66008d9, type: 3}
      propertyPath: m_LocalEulerAnglesHint.x
      value: 0
      objectReference: {fileID: 0}
    - target: {fileID: 7219852423253413766, guid: 69d68e2ebabfbbd44a38cfb1c66008d9, type: 3}
      propertyPath: m_LocalEulerAnglesHint.y
      value: 0
      objectReference: {fileID: 0}
    - target: {fileID: 7219852423253413766, guid: 69d68e2ebabfbbd44a38cfb1c66008d9, type: 3}
      propertyPath: m_LocalEulerAnglesHint.z
      value: 0
      objectReference: {fileID: 0}
    m_RemovedComponents: []
  m_SourcePrefab: {fileID: 100100000, guid: 69d68e2ebabfbbd44a38cfb1c66008d9, type: 3}
--- !u!4 &527397899996347427 stripped
Transform:
  m_CorrespondingSourceObject: {fileID: 7219852423253413766, guid: 69d68e2ebabfbbd44a38cfb1c66008d9, type: 3}
  m_PrefabInstance: {fileID: 7161743884472742821}
  m_PrefabAsset: {fileID: 0}
--- !u!1001 &7801595182026358033
PrefabInstance:
  m_ObjectHideFlags: 0
  serializedVersion: 2
  m_Modification:
    m_TransformParent: {fileID: 5229205822361332611}
    m_Modifications:
    - target: {fileID: 5451109223519273330, guid: 8823fdc7727de364ca0fa5d2baed8910, type: 3}
      propertyPath: m_Name
      value: Tree (4)
      objectReference: {fileID: 0}
    - target: {fileID: 6304721549299933275, guid: 8823fdc7727de364ca0fa5d2baed8910, type: 3}
      propertyPath: m_RootOrder
      value: 0
      objectReference: {fileID: 0}
    - target: {fileID: 6304721549299933275, guid: 8823fdc7727de364ca0fa5d2baed8910, type: 3}
      propertyPath: m_LocalScale.z
      value: 0.033333335
      objectReference: {fileID: 0}
    - target: {fileID: 6304721549299933275, guid: 8823fdc7727de364ca0fa5d2baed8910, type: 3}
      propertyPath: m_LocalPosition.x
      value: 0
      objectReference: {fileID: 0}
    - target: {fileID: 6304721549299933275, guid: 8823fdc7727de364ca0fa5d2baed8910, type: 3}
      propertyPath: m_LocalPosition.y
      value: 1.5
      objectReference: {fileID: 0}
    - target: {fileID: 6304721549299933275, guid: 8823fdc7727de364ca0fa5d2baed8910, type: 3}
      propertyPath: m_LocalPosition.z
      value: -0.16666667
      objectReference: {fileID: 0}
    - target: {fileID: 6304721549299933275, guid: 8823fdc7727de364ca0fa5d2baed8910, type: 3}
      propertyPath: m_LocalRotation.w
      value: 1
      objectReference: {fileID: 0}
    - target: {fileID: 6304721549299933275, guid: 8823fdc7727de364ca0fa5d2baed8910, type: 3}
      propertyPath: m_LocalRotation.x
      value: -0
      objectReference: {fileID: 0}
    - target: {fileID: 6304721549299933275, guid: 8823fdc7727de364ca0fa5d2baed8910, type: 3}
      propertyPath: m_LocalRotation.y
      value: -0
      objectReference: {fileID: 0}
    - target: {fileID: 6304721549299933275, guid: 8823fdc7727de364ca0fa5d2baed8910, type: 3}
      propertyPath: m_LocalRotation.z
      value: -0
      objectReference: {fileID: 0}
    - target: {fileID: 6304721549299933275, guid: 8823fdc7727de364ca0fa5d2baed8910, type: 3}
      propertyPath: m_LocalEulerAnglesHint.x
      value: 0
      objectReference: {fileID: 0}
    - target: {fileID: 6304721549299933275, guid: 8823fdc7727de364ca0fa5d2baed8910, type: 3}
      propertyPath: m_LocalEulerAnglesHint.y
      value: 0
      objectReference: {fileID: 0}
    - target: {fileID: 6304721549299933275, guid: 8823fdc7727de364ca0fa5d2baed8910, type: 3}
      propertyPath: m_LocalEulerAnglesHint.z
      value: 0
      objectReference: {fileID: 0}
    m_RemovedComponents: []
  m_SourcePrefab: {fileID: 100100000, guid: 8823fdc7727de364ca0fa5d2baed8910, type: 3}
--- !u!4 &4267736394342964554 stripped
Transform:
  m_CorrespondingSourceObject: {fileID: 6304721549299933275, guid: 8823fdc7727de364ca0fa5d2baed8910, type: 3}
  m_PrefabInstance: {fileID: 7801595182026358033}
  m_PrefabAsset: {fileID: 0}
