%YAML 1.1
%TAG !u! tag:unity3d.com,2011:
--- !u!29 &1
OcclusionCullingSettings:
  m_ObjectHideFlags: 0
  serializedVersion: 2
  m_OcclusionBakeSettings:
    smallestOccluder: 5
    smallestHole: 0.25
    backfaceThreshold: 100
  m_SceneGUID: 00000000000000000000000000000000
  m_OcclusionCullingData: {fileID: 0}
--- !u!104 &2
RenderSettings:
  m_ObjectHideFlags: 0
  serializedVersion: 9
  m_Fog: 0
  m_FogColor: {r: 0.5, g: 0.5, b: 0.5, a: 1}
  m_FogMode: 3
  m_FogDensity: 0.01
  m_LinearFogStart: 0
  m_LinearFogEnd: 300
  m_AmbientSkyColor: {r: 0.212, g: 0.227, b: 0.259, a: 1}
  m_AmbientEquatorColor: {r: 0.114, g: 0.125, b: 0.133, a: 1}
  m_AmbientGroundColor: {r: 0.047, g: 0.043, b: 0.035, a: 1}
  m_AmbientIntensity: 1
  m_AmbientMode: 0
  m_SubtractiveShadowColor: {r: 0.42, g: 0.478, b: 0.627, a: 1}
  m_SkyboxMaterial: {fileID: 10304, guid: 0000000000000000f000000000000000, type: 0}
  m_HaloStrength: 0.5
  m_FlareStrength: 1
  m_FlareFadeSpeed: 3
  m_HaloTexture: {fileID: 0}
  m_SpotCookie: {fileID: 10001, guid: 0000000000000000e000000000000000, type: 0}
  m_DefaultReflectionMode: 0
  m_DefaultReflectionResolution: 128
  m_ReflectionBounces: 1
  m_ReflectionIntensity: 1
  m_CustomReflection: {fileID: 0}
  m_Sun: {fileID: 705507994}
  m_IndirectSpecularColor: {r: 0.17276844, g: 0.21589246, b: 0.2978263, a: 1}
  m_UseRadianceAmbientProbe: 0
--- !u!157 &3
LightmapSettings:
  m_ObjectHideFlags: 0
  serializedVersion: 12
  m_GIWorkflowMode: 1
  m_GISettings:
    serializedVersion: 2
    m_BounceScale: 1
    m_IndirectOutputScale: 1
    m_AlbedoBoost: 1
    m_EnvironmentLightingMode: 0
    m_EnableBakedLightmaps: 1
    m_EnableRealtimeLightmaps: 0
  m_LightmapEditorSettings:
    serializedVersion: 12
    m_Resolution: 2
    m_BakeResolution: 40
    m_AtlasSize: 1024
    m_AO: 0
    m_AOMaxDistance: 1
    m_CompAOExponent: 1
    m_CompAOExponentDirect: 0
    m_ExtractAmbientOcclusion: 0
    m_Padding: 2
    m_LightmapParameters: {fileID: 0}
    m_LightmapsBakeMode: 1
    m_TextureCompression: 1
    m_FinalGather: 0
    m_FinalGatherFiltering: 1
    m_FinalGatherRayCount: 256
    m_ReflectionCompression: 2
    m_MixedBakeMode: 2
    m_BakeBackend: 1
    m_PVRSampling: 1
    m_PVRDirectSampleCount: 32
    m_PVRSampleCount: 500
    m_PVRBounces: 2
    m_PVREnvironmentSampleCount: 500
    m_PVREnvironmentReferencePointCount: 2048
    m_PVRFilteringMode: 2
    m_PVRDenoiserTypeDirect: 0
    m_PVRDenoiserTypeIndirect: 0
    m_PVRDenoiserTypeAO: 0
    m_PVRFilterTypeDirect: 0
    m_PVRFilterTypeIndirect: 0
    m_PVRFilterTypeAO: 0
    m_PVREnvironmentMIS: 0
    m_PVRCulling: 1
    m_PVRFilteringGaussRadiusDirect: 1
    m_PVRFilteringGaussRadiusIndirect: 5
    m_PVRFilteringGaussRadiusAO: 2
    m_PVRFilteringAtrousPositionSigmaDirect: 0.5
    m_PVRFilteringAtrousPositionSigmaIndirect: 2
    m_PVRFilteringAtrousPositionSigmaAO: 1
    m_ExportTrainingData: 0
    m_TrainingDataDestination: TrainingData
    m_LightProbeSampleCountMultiplier: 4
  m_LightingDataAsset: {fileID: 0}
  m_LightingSettings: {fileID: 0}
--- !u!196 &4
NavMeshSettings:
  serializedVersion: 2
  m_ObjectHideFlags: 0
  m_BuildSettings:
    serializedVersion: 2
    agentTypeID: 0
    agentRadius: 0.5
    agentHeight: 2
    agentSlope: 45
    agentClimb: 0.4
    ledgeDropHeight: 0
    maxJumpAcrossDistance: 0
    minRegionArea: 2
    manualCellSize: 0
    cellSize: 0.16666667
    manualTileSize: 0
    tileSize: 256
    accuratePlacement: 0
    maxJobWorkers: 0
    preserveTilesOutsideBounds: 0
    debug:
      m_Flags: 0
  m_NavMeshData: {fileID: 0}
--- !u!1 &705507993
GameObject:
  m_ObjectHideFlags: 0
  m_CorrespondingSourceObject: {fileID: 0}
  m_PrefabInstance: {fileID: 0}
  m_PrefabAsset: {fileID: 0}
  serializedVersion: 6
  m_Component:
  - component: {fileID: 705507995}
  - component: {fileID: 705507994}
  m_Layer: 0
  m_Name: Directional Light
  m_TagString: Untagged
  m_Icon: {fileID: 0}
  m_NavMeshLayer: 0
  m_StaticEditorFlags: 0
  m_IsActive: 1
--- !u!108 &705507994
Light:
  m_ObjectHideFlags: 0
  m_CorrespondingSourceObject: {fileID: 0}
  m_PrefabInstance: {fileID: 0}
  m_PrefabAsset: {fileID: 0}
  m_GameObject: {fileID: 705507993}
  m_Enabled: 1
  serializedVersion: 10
  m_Type: 1
  m_Shape: 0
  m_Color: {r: 1, g: 0.95686275, b: 0.8392157, a: 1}
  m_Intensity: 1
  m_Range: 10
  m_SpotAngle: 30
  m_InnerSpotAngle: 21.80208
  m_CookieSize: 10
  m_Shadows:
    m_Type: 2
    m_Resolution: -1
    m_CustomResolution: -1
    m_Strength: 1
    m_Bias: 0.05
    m_NormalBias: 0.4
    m_NearPlane: 0.2
    m_CullingMatrixOverride:
      e00: 1
      e01: 0
      e02: 0
      e03: 0
      e10: 0
      e11: 1
      e12: 0
      e13: 0
      e20: 0
      e21: 0
      e22: 1
      e23: 0
      e30: 0
      e31: 0
      e32: 0
      e33: 1
    m_UseCullingMatrixOverride: 0
  m_Cookie: {fileID: 0}
  m_DrawHalo: 0
  m_Flare: {fileID: 0}
  m_RenderMode: 0
  m_CullingMask:
    serializedVersion: 2
    m_Bits: 4294967295
  m_RenderingLayerMask: 1
  m_Lightmapping: 1
  m_LightShadowCasterMode: 0
  m_AreaSize: {x: 1, y: 1}
  m_BounceIntensity: 1
  m_ColorTemperature: 6570
  m_UseColorTemperature: 0
  m_BoundingSphereOverride: {x: 0, y: 0, z: 0, w: 0}
  m_UseBoundingSphereOverride: 0
  m_UseViewFrustumForShadowCasterCull: 1
  m_ShadowRadius: 0
  m_ShadowAngle: 0
--- !u!4 &705507995
Transform:
  m_ObjectHideFlags: 0
  m_CorrespondingSourceObject: {fileID: 0}
  m_PrefabInstance: {fileID: 0}
  m_PrefabAsset: {fileID: 0}
  m_GameObject: {fileID: 705507993}
  m_LocalRotation: {x: 0.7071068, y: 0, z: 0, w: 0.7071068}
  m_LocalPosition: {x: 0, y: 3, z: 0}
  m_LocalScale: {x: 1, y: 1, z: 1}
  m_ConstrainProportionsScale: 0
  m_Children: []
  m_Father: {fileID: 0}
  m_RootOrder: 1
  m_LocalEulerAnglesHint: {x: 90, y: 0, z: 0}
--- !u!1 &963194225
GameObject:
  m_ObjectHideFlags: 0
  m_CorrespondingSourceObject: {fileID: 0}
  m_PrefabInstance: {fileID: 0}
  m_PrefabAsset: {fileID: 0}
  serializedVersion: 6
  m_Component:
  - component: {fileID: 963194228}
  - component: {fileID: 963194227}
  - component: {fileID: 963194226}
  m_Layer: 0
  m_Name: Main Camera
  m_TagString: MainCamera
  m_Icon: {fileID: 0}
  m_NavMeshLayer: 0
  m_StaticEditorFlags: 0
  m_IsActive: 1
--- !u!81 &963194226
AudioListener:
  m_ObjectHideFlags: 0
  m_CorrespondingSourceObject: {fileID: 0}
  m_PrefabInstance: {fileID: 0}
  m_PrefabAsset: {fileID: 0}
  m_GameObject: {fileID: 963194225}
  m_Enabled: 1
--- !u!20 &963194227
Camera:
  m_ObjectHideFlags: 0
  m_CorrespondingSourceObject: {fileID: 0}
  m_PrefabInstance: {fileID: 0}
  m_PrefabAsset: {fileID: 0}
  m_GameObject: {fileID: 963194225}
  m_Enabled: 1
  serializedVersion: 2
  m_ClearFlags: 1
  m_BackGroundColor: {r: 0.19215687, g: 0.3019608, b: 0.4745098, a: 0}
  m_projectionMatrixMode: 1
  m_GateFitMode: 2
  m_FOVAxisMode: 0
  m_SensorSize: {x: 36, y: 24}
  m_LensShift: {x: 0, y: 0}
  m_FocalLength: 50
  m_NormalizedViewPortRect:
    serializedVersion: 2
    x: 0
    y: 0
    width: 1
    height: 1
  near clip plane: 0.3
  far clip plane: 1000
  field of view: 60
  orthographic: 0
  orthographic size: 5
  m_Depth: -1
  m_CullingMask:
    serializedVersion: 2
    m_Bits: 4294967295
  m_RenderingPath: -1
  m_TargetTexture: {fileID: 0}
  m_TargetDisplay: 0
  m_TargetEye: 3
  m_HDR: 1
  m_AllowMSAA: 1
  m_AllowDynamicResolution: 0
  m_ForceIntoRT: 0
  m_OcclusionCulling: 1
  m_StereoConvergence: 10
  m_StereoSeparation: 0.022
--- !u!4 &963194228
Transform:
  m_ObjectHideFlags: 0
  m_CorrespondingSourceObject: {fileID: 0}
  m_PrefabInstance: {fileID: 0}
  m_PrefabAsset: {fileID: 0}
  m_GameObject: {fileID: 963194225}
  m_LocalRotation: {x: 0, y: 0, z: 0, w: 1}
  m_LocalPosition: {x: 0, y: 1, z: -10}
  m_LocalScale: {x: 1, y: 1, z: 1}
  m_ConstrainProportionsScale: 0
  m_Children: []
  m_Father: {fileID: 0}
  m_RootOrder: 0
  m_LocalEulerAnglesHint: {x: 0, y: 0, z: 0}
--- !u!1001 &498960443432416154
PrefabInstance:
  m_ObjectHideFlags: 0
  serializedVersion: 2
  m_Modification:
    m_TransformParent: {fileID: 0}
    m_Modifications:
    - target: {fileID: 1712616290115664132, guid: d23491b13df36214890dae6f780772ac, type: 3}
      propertyPath: m_Name
      value: RailwayLine3
      objectReference: {fileID: 0}
    - target: {fileID: 4521714619193987778, guid: d23491b13df36214890dae6f780772ac, type: 3}
      propertyPath: m_RootOrder
      value: 11
      objectReference: {fileID: 0}
    - target: {fileID: 4521714619193987778, guid: d23491b13df36214890dae6f780772ac, type: 3}
      propertyPath: m_LocalPosition.x
      value: 100
      objectReference: {fileID: 0}
    - target: {fileID: 4521714619193987778, guid: d23491b13df36214890dae6f780772ac, type: 3}
      propertyPath: m_LocalPosition.y
      value: 0
      objectReference: {fileID: 0}
    - target: {fileID: 4521714619193987778, guid: d23491b13df36214890dae6f780772ac, type: 3}
      propertyPath: m_LocalPosition.z
      value: 0
      objectReference: {fileID: 0}
    - target: {fileID: 4521714619193987778, guid: d23491b13df36214890dae6f780772ac, type: 3}
      propertyPath: m_LocalRotation.w
      value: 1
      objectReference: {fileID: 0}
    - target: {fileID: 4521714619193987778, guid: d23491b13df36214890dae6f780772ac, type: 3}
      propertyPath: m_LocalRotation.x
      value: 0
      objectReference: {fileID: 0}
    - target: {fileID: 4521714619193987778, guid: d23491b13df36214890dae6f780772ac, type: 3}
      propertyPath: m_LocalRotation.y
      value: 0
      objectReference: {fileID: 0}
    - target: {fileID: 4521714619193987778, guid: d23491b13df36214890dae6f780772ac, type: 3}
      propertyPath: m_LocalRotation.z
      value: 0
      objectReference: {fileID: 0}
    - target: {fileID: 4521714619193987778, guid: d23491b13df36214890dae6f780772ac, type: 3}
      propertyPath: m_LocalEulerAnglesHint.x
      value: 0
      objectReference: {fileID: 0}
    - target: {fileID: 4521714619193987778, guid: d23491b13df36214890dae6f780772ac, type: 3}
      propertyPath: m_LocalEulerAnglesHint.y
      value: 0
      objectReference: {fileID: 0}
    - target: {fileID: 4521714619193987778, guid: d23491b13df36214890dae6f780772ac, type: 3}
      propertyPath: m_LocalEulerAnglesHint.z
      value: 0
      objectReference: {fileID: 0}
    m_RemovedComponents: []
  m_SourcePrefab: {fileID: 100100000, guid: d23491b13df36214890dae6f780772ac, type: 3}
--- !u!1001 &694873517787403400
PrefabInstance:
  m_ObjectHideFlags: 0
  serializedVersion: 2
  m_Modification:
    m_TransformParent: {fileID: 0}
    m_Modifications:
    - target: {fileID: 1422115338108152373, guid: 13db3cfd5e7c320429108bf92537317e, type: 3}
      propertyPath: m_RootOrder
      value: 10
      objectReference: {fileID: 0}
    - target: {fileID: 1422115338108152373, guid: 13db3cfd5e7c320429108bf92537317e, type: 3}
      propertyPath: m_LocalPosition.x
      value: 90
      objectReference: {fileID: 0}
    - target: {fileID: 1422115338108152373, guid: 13db3cfd5e7c320429108bf92537317e, type: 3}
      propertyPath: m_LocalPosition.y
      value: 0
      objectReference: {fileID: 0}
    - target: {fileID: 1422115338108152373, guid: 13db3cfd5e7c320429108bf92537317e, type: 3}
      propertyPath: m_LocalPosition.z
      value: 0
      objectReference: {fileID: 0}
    - target: {fileID: 1422115338108152373, guid: 13db3cfd5e7c320429108bf92537317e, type: 3}
      propertyPath: m_LocalRotation.w
      value: 1
      objectReference: {fileID: 0}
    - target: {fileID: 1422115338108152373, guid: 13db3cfd5e7c320429108bf92537317e, type: 3}
      propertyPath: m_LocalRotation.x
      value: 0
      objectReference: {fileID: 0}
    - target: {fileID: 1422115338108152373, guid: 13db3cfd5e7c320429108bf92537317e, type: 3}
      propertyPath: m_LocalRotation.y
      value: 0
      objectReference: {fileID: 0}
    - target: {fileID: 1422115338108152373, guid: 13db3cfd5e7c320429108bf92537317e, type: 3}
      propertyPath: m_LocalRotation.z
      value: 0
      objectReference: {fileID: 0}
    - target: {fileID: 1422115338108152373, guid: 13db3cfd5e7c320429108bf92537317e, type: 3}
      propertyPath: m_LocalEulerAnglesHint.x
      value: 0
      objectReference: {fileID: 0}
    - target: {fileID: 1422115338108152373, guid: 13db3cfd5e7c320429108bf92537317e, type: 3}
      propertyPath: m_LocalEulerAnglesHint.y
      value: 0
      objectReference: {fileID: 0}
    - target: {fileID: 1422115338108152373, guid: 13db3cfd5e7c320429108bf92537317e, type: 3}
      propertyPath: m_LocalEulerAnglesHint.z
      value: 0
      objectReference: {fileID: 0}
    - target: {fileID: 4231248748619596275, guid: 13db3cfd5e7c320429108bf92537317e, type: 3}
      propertyPath: m_Name
      value: RailwayLine2
      objectReference: {fileID: 0}
    m_RemovedComponents: []
  m_SourcePrefab: {fileID: 100100000, guid: 13db3cfd5e7c320429108bf92537317e, type: 3}
--- !u!1001 &1063398565771893888
PrefabInstance:
  m_ObjectHideFlags: 0
  serializedVersion: 2
  m_Modification:
    m_TransformParent: {fileID: 0}
    m_Modifications:
    - target: {fileID: 5634978797408530906, guid: be17ccaa2e47f6249b38866b00eec22f, type: 3}
      propertyPath: m_RootOrder
      value: 9
      objectReference: {fileID: 0}
    - target: {fileID: 5634978797408530906, guid: be17ccaa2e47f6249b38866b00eec22f, type: 3}
      propertyPath: m_LocalPosition.x
      value: 80
      objectReference: {fileID: 0}
    - target: {fileID: 5634978797408530906, guid: be17ccaa2e47f6249b38866b00eec22f, type: 3}
      propertyPath: m_LocalPosition.y
      value: 0
      objectReference: {fileID: 0}
    - target: {fileID: 5634978797408530906, guid: be17ccaa2e47f6249b38866b00eec22f, type: 3}
      propertyPath: m_LocalPosition.z
      value: 0
      objectReference: {fileID: 0}
    - target: {fileID: 5634978797408530906, guid: be17ccaa2e47f6249b38866b00eec22f, type: 3}
      propertyPath: m_LocalRotation.w
      value: 1
      objectReference: {fileID: 0}
    - target: {fileID: 5634978797408530906, guid: be17ccaa2e47f6249b38866b00eec22f, type: 3}
      propertyPath: m_LocalRotation.x
      value: 0
      objectReference: {fileID: 0}
    - target: {fileID: 5634978797408530906, guid: be17ccaa2e47f6249b38866b00eec22f, type: 3}
      propertyPath: m_LocalRotation.y
      value: 0
      objectReference: {fileID: 0}
    - target: {fileID: 5634978797408530906, guid: be17ccaa2e47f6249b38866b00eec22f, type: 3}
      propertyPath: m_LocalRotation.z
      value: 0
      objectReference: {fileID: 0}
    - target: {fileID: 5634978797408530906, guid: be17ccaa2e47f6249b38866b00eec22f, type: 3}
      propertyPath: m_LocalEulerAnglesHint.x
      value: 0
      objectReference: {fileID: 0}
    - target: {fileID: 5634978797408530906, guid: be17ccaa2e47f6249b38866b00eec22f, type: 3}
      propertyPath: m_LocalEulerAnglesHint.y
      value: 0
      objectReference: {fileID: 0}
    - target: {fileID: 5634978797408530906, guid: be17ccaa2e47f6249b38866b00eec22f, type: 3}
      propertyPath: m_LocalEulerAnglesHint.z
      value: 0
      objectReference: {fileID: 0}
    - target: {fileID: 7437487322586618396, guid: be17ccaa2e47f6249b38866b00eec22f, type: 3}
      propertyPath: m_Name
      value: RailwayLine1
      objectReference: {fileID: 0}
    m_RemovedComponents: []
  m_SourcePrefab: {fileID: 100100000, guid: be17ccaa2e47f6249b38866b00eec22f, type: 3}
--- !u!1001 &1650568575574716847
PrefabInstance:
  m_ObjectHideFlags: 0
  serializedVersion: 2
  m_Modification:
    m_TransformParent: {fileID: 0}
    m_Modifications:
    - target: {fileID: 6605314752434540689, guid: 69deadc9827e074459e77114c3a49c74, type: 3}
      propertyPath: m_RootOrder
      value: 14
      objectReference: {fileID: 0}
    - target: {fileID: 6605314752434540689, guid: 69deadc9827e074459e77114c3a49c74, type: 3}
      propertyPath: m_LocalPosition.x
      value: 130
      objectReference: {fileID: 0}
    - target: {fileID: 6605314752434540689, guid: 69deadc9827e074459e77114c3a49c74, type: 3}
      propertyPath: m_LocalPosition.y
      value: 0
      objectReference: {fileID: 0}
    - target: {fileID: 6605314752434540689, guid: 69deadc9827e074459e77114c3a49c74, type: 3}
      propertyPath: m_LocalPosition.z
      value: 0
      objectReference: {fileID: 0}
    - target: {fileID: 6605314752434540689, guid: 69deadc9827e074459e77114c3a49c74, type: 3}
      propertyPath: m_LocalRotation.w
      value: 1
      objectReference: {fileID: 0}
    - target: {fileID: 6605314752434540689, guid: 69deadc9827e074459e77114c3a49c74, type: 3}
      propertyPath: m_LocalRotation.x
      value: 0
      objectReference: {fileID: 0}
    - target: {fileID: 6605314752434540689, guid: 69deadc9827e074459e77114c3a49c74, type: 3}
      propertyPath: m_LocalRotation.y
      value: 0
      objectReference: {fileID: 0}
    - target: {fileID: 6605314752434540689, guid: 69deadc9827e074459e77114c3a49c74, type: 3}
      propertyPath: m_LocalRotation.z
      value: 0
      objectReference: {fileID: 0}
    - target: {fileID: 6605314752434540689, guid: 69deadc9827e074459e77114c3a49c74, type: 3}
      propertyPath: m_LocalEulerAnglesHint.x
      value: 0
      objectReference: {fileID: 0}
    - target: {fileID: 6605314752434540689, guid: 69deadc9827e074459e77114c3a49c74, type: 3}
      propertyPath: m_LocalEulerAnglesHint.y
      value: 0
      objectReference: {fileID: 0}
    - target: {fileID: 6605314752434540689, guid: 69deadc9827e074459e77114c3a49c74, type: 3}
      propertyPath: m_LocalEulerAnglesHint.z
      value: 0
      objectReference: {fileID: 0}
    - target: {fileID: 8263822506668440407, guid: 69deadc9827e074459e77114c3a49c74, type: 3}
      propertyPath: m_Name
      value: WaterLine3
      objectReference: {fileID: 0}
    m_RemovedComponents: []
  m_SourcePrefab: {fileID: 100100000, guid: 69deadc9827e074459e77114c3a49c74, type: 3}
--- !u!1001 &2118823725738811201
PrefabInstance:
  m_ObjectHideFlags: 0
  serializedVersion: 2
  m_Modification:
    m_TransformParent: {fileID: 0}
    m_Modifications:
    - target: {fileID: 1334679451595564460, guid: a3a66f80cf55adc408e830e012d3cecb, type: 3}
      propertyPath: m_RootOrder
      value: 16
      objectReference: {fileID: 0}
    - target: {fileID: 1334679451595564460, guid: a3a66f80cf55adc408e830e012d3cecb, type: 3}
      propertyPath: m_LocalPosition.x
      value: 150
      objectReference: {fileID: 0}
    - target: {fileID: 1334679451595564460, guid: a3a66f80cf55adc408e830e012d3cecb, type: 3}
      propertyPath: m_LocalPosition.y
      value: 0
      objectReference: {fileID: 0}
    - target: {fileID: 1334679451595564460, guid: a3a66f80cf55adc408e830e012d3cecb, type: 3}
      propertyPath: m_LocalPosition.z
      value: 0
      objectReference: {fileID: 0}
    - target: {fileID: 1334679451595564460, guid: a3a66f80cf55adc408e830e012d3cecb, type: 3}
      propertyPath: m_LocalRotation.w
      value: 1
      objectReference: {fileID: 0}
    - target: {fileID: 1334679451595564460, guid: a3a66f80cf55adc408e830e012d3cecb, type: 3}
      propertyPath: m_LocalRotation.x
      value: -0
      objectReference: {fileID: 0}
    - target: {fileID: 1334679451595564460, guid: a3a66f80cf55adc408e830e012d3cecb, type: 3}
      propertyPath: m_LocalRotation.y
      value: -0
      objectReference: {fileID: 0}
    - target: {fileID: 1334679451595564460, guid: a3a66f80cf55adc408e830e012d3cecb, type: 3}
      propertyPath: m_LocalRotation.z
      value: -0
      objectReference: {fileID: 0}
    - target: {fileID: 1334679451595564460, guid: a3a66f80cf55adc408e830e012d3cecb, type: 3}
      propertyPath: m_LocalEulerAnglesHint.x
      value: 0
      objectReference: {fileID: 0}
    - target: {fileID: 1334679451595564460, guid: a3a66f80cf55adc408e830e012d3cecb, type: 3}
      propertyPath: m_LocalEulerAnglesHint.y
      value: 0
      objectReference: {fileID: 0}
    - target: {fileID: 1334679451595564460, guid: a3a66f80cf55adc408e830e012d3cecb, type: 3}
      propertyPath: m_LocalEulerAnglesHint.z
      value: 0
      objectReference: {fileID: 0}
    - target: {fileID: 4287866580467338858, guid: a3a66f80cf55adc408e830e012d3cecb, type: 3}
      propertyPath: m_Name
      value: WaterLine5
      objectReference: {fileID: 0}
    m_RemovedComponents: []
  m_SourcePrefab: {fileID: 100100000, guid: a3a66f80cf55adc408e830e012d3cecb, type: 3}
--- !u!1001 &3225887681098868834
PrefabInstance:
  m_ObjectHideFlags: 0
  serializedVersion: 2
  m_Modification:
    m_TransformParent: {fileID: 0}
    m_Modifications:
    - target: {fileID: 6106162256349949012, guid: c7c3b75c828e8a045a0870993530f447, type: 3}
      propertyPath: m_Name
      value: WaterLine1
      objectReference: {fileID: 0}
    - target: {fileID: 9059349316647864210, guid: c7c3b75c828e8a045a0870993530f447, type: 3}
      propertyPath: m_RootOrder
      value: 12
      objectReference: {fileID: 0}
    - target: {fileID: 9059349316647864210, guid: c7c3b75c828e8a045a0870993530f447, type: 3}
      propertyPath: m_LocalPosition.x
      value: 110
      objectReference: {fileID: 0}
    - target: {fileID: 9059349316647864210, guid: c7c3b75c828e8a045a0870993530f447, type: 3}
      propertyPath: m_LocalPosition.y
      value: 0
      objectReference: {fileID: 0}
    - target: {fileID: 9059349316647864210, guid: c7c3b75c828e8a045a0870993530f447, type: 3}
      propertyPath: m_LocalPosition.z
      value: 0
      objectReference: {fileID: 0}
    - target: {fileID: 9059349316647864210, guid: c7c3b75c828e8a045a0870993530f447, type: 3}
      propertyPath: m_LocalRotation.w
      value: 1
      objectReference: {fileID: 0}
    - target: {fileID: 9059349316647864210, guid: c7c3b75c828e8a045a0870993530f447, type: 3}
      propertyPath: m_LocalRotation.x
      value: 0
      objectReference: {fileID: 0}
    - target: {fileID: 9059349316647864210, guid: c7c3b75c828e8a045a0870993530f447, type: 3}
      propertyPath: m_LocalRotation.y
      value: 0
      objectReference: {fileID: 0}
    - target: {fileID: 9059349316647864210, guid: c7c3b75c828e8a045a0870993530f447, type: 3}
      propertyPath: m_LocalRotation.z
      value: 0
      objectReference: {fileID: 0}
    - target: {fileID: 9059349316647864210, guid: c7c3b75c828e8a045a0870993530f447, type: 3}
      propertyPath: m_LocalEulerAnglesHint.x
      value: 0
      objectReference: {fileID: 0}
    - target: {fileID: 9059349316647864210, guid: c7c3b75c828e8a045a0870993530f447, type: 3}
      propertyPath: m_LocalEulerAnglesHint.y
      value: 0
      objectReference: {fileID: 0}
    - target: {fileID: 9059349316647864210, guid: c7c3b75c828e8a045a0870993530f447, type: 3}
      propertyPath: m_LocalEulerAnglesHint.z
      value: 0
      objectReference: {fileID: 0}
    m_RemovedComponents: []
  m_SourcePrefab: {fileID: 100100000, guid: c7c3b75c828e8a045a0870993530f447, type: 3}
--- !u!1001 &4939519053522097310
PrefabInstance:
  m_ObjectHideFlags: 0
  serializedVersion: 2
  m_Modification:
    m_TransformParent: {fileID: 0}
    m_Modifications:
    - target: {fileID: 1154468308421566942, guid: 94cb0ef6125c3ae419c5e672fae95f0c, type: 3}
      propertyPath: m_Name
      value: RoadLine
      objectReference: {fileID: 0}
    - target: {fileID: 4107646537854765592, guid: 94cb0ef6125c3ae419c5e672fae95f0c, type: 3}
      propertyPath: m_RootOrder
      value: 8
      objectReference: {fileID: 0}
    - target: {fileID: 4107646537854765592, guid: 94cb0ef6125c3ae419c5e672fae95f0c, type: 3}
      propertyPath: m_LocalPosition.x
      value: 60
      objectReference: {fileID: 0}
    - target: {fileID: 4107646537854765592, guid: 94cb0ef6125c3ae419c5e672fae95f0c, type: 3}
      propertyPath: m_LocalPosition.y
      value: 0
      objectReference: {fileID: 0}
    - target: {fileID: 4107646537854765592, guid: 94cb0ef6125c3ae419c5e672fae95f0c, type: 3}
      propertyPath: m_LocalPosition.z
      value: 0
      objectReference: {fileID: 0}
    - target: {fileID: 4107646537854765592, guid: 94cb0ef6125c3ae419c5e672fae95f0c, type: 3}
      propertyPath: m_LocalRotation.w
      value: 1
      objectReference: {fileID: 0}
    - target: {fileID: 4107646537854765592, guid: 94cb0ef6125c3ae419c5e672fae95f0c, type: 3}
      propertyPath: m_LocalRotation.x
      value: 0
      objectReference: {fileID: 0}
    - target: {fileID: 4107646537854765592, guid: 94cb0ef6125c3ae419c5e672fae95f0c, type: 3}
      propertyPath: m_LocalRotation.y
      value: 0
      objectReference: {fileID: 0}
    - target: {fileID: 4107646537854765592, guid: 94cb0ef6125c3ae419c5e672fae95f0c, type: 3}
      propertyPath: m_LocalRotation.z
      value: 0
      objectReference: {fileID: 0}
    - target: {fileID: 4107646537854765592, guid: 94cb0ef6125c3ae419c5e672fae95f0c, type: 3}
      propertyPath: m_LocalEulerAnglesHint.x
      value: 0
      objectReference: {fileID: 0}
    - target: {fileID: 4107646537854765592, guid: 94cb0ef6125c3ae419c5e672fae95f0c, type: 3}
      propertyPath: m_LocalEulerAnglesHint.y
      value: 0
      objectReference: {fileID: 0}
    - target: {fileID: 4107646537854765592, guid: 94cb0ef6125c3ae419c5e672fae95f0c, type: 3}
      propertyPath: m_LocalEulerAnglesHint.z
      value: 0
      objectReference: {fileID: 0}
    m_RemovedComponents: []
  m_SourcePrefab: {fileID: 100100000, guid: 94cb0ef6125c3ae419c5e672fae95f0c, type: 3}
--- !u!1001 &5711505199264141396
PrefabInstance:
  m_ObjectHideFlags: 0
  serializedVersion: 2
  m_Modification:
    m_TransformParent: {fileID: 0}
    m_Modifications:
    - target: {fileID: 1217086650450922930, guid: 3752d11fab4fd364d8840d8f15d78f3f, type: 3}
      propertyPath: m_RootOrder
      value: 4
      objectReference: {fileID: 0}
    - target: {fileID: 1217086650450922930, guid: 3752d11fab4fd364d8840d8f15d78f3f, type: 3}
      propertyPath: m_LocalPosition.x
      value: 10
      objectReference: {fileID: 0}
    - target: {fileID: 1217086650450922930, guid: 3752d11fab4fd364d8840d8f15d78f3f, type: 3}
      propertyPath: m_LocalPosition.y
      value: 0
      objectReference: {fileID: 0}
    - target: {fileID: 1217086650450922930, guid: 3752d11fab4fd364d8840d8f15d78f3f, type: 3}
      propertyPath: m_LocalPosition.z
      value: 0
      objectReference: {fileID: 0}
    - target: {fileID: 1217086650450922930, guid: 3752d11fab4fd364d8840d8f15d78f3f, type: 3}
      propertyPath: m_LocalRotation.w
      value: 1
      objectReference: {fileID: 0}
    - target: {fileID: 1217086650450922930, guid: 3752d11fab4fd364d8840d8f15d78f3f, type: 3}
      propertyPath: m_LocalRotation.x
      value: 0
      objectReference: {fileID: 0}
    - target: {fileID: 1217086650450922930, guid: 3752d11fab4fd364d8840d8f15d78f3f, type: 3}
      propertyPath: m_LocalRotation.y
      value: 0
      objectReference: {fileID: 0}
    - target: {fileID: 1217086650450922930, guid: 3752d11fab4fd364d8840d8f15d78f3f, type: 3}
      propertyPath: m_LocalRotation.z
      value: 0
      objectReference: {fileID: 0}
    - target: {fileID: 1217086650450922930, guid: 3752d11fab4fd364d8840d8f15d78f3f, type: 3}
      propertyPath: m_LocalEulerAnglesHint.x
      value: 0
      objectReference: {fileID: 0}
    - target: {fileID: 1217086650450922930, guid: 3752d11fab4fd364d8840d8f15d78f3f, type: 3}
      propertyPath: m_LocalEulerAnglesHint.y
      value: 0
      objectReference: {fileID: 0}
    - target: {fileID: 1217086650450922930, guid: 3752d11fab4fd364d8840d8f15d78f3f, type: 3}
      propertyPath: m_LocalEulerAnglesHint.z
      value: 0
      objectReference: {fileID: 0}
    - target: {fileID: 7588118706797795312, guid: 3752d11fab4fd364d8840d8f15d78f3f, type: 3}
      propertyPath: m_Name
      value: GrassLine2
      objectReference: {fileID: 0}
    m_RemovedComponents: []
  m_SourcePrefab: {fileID: 100100000, guid: 3752d11fab4fd364d8840d8f15d78f3f, type: 3}
--- !u!1001 &6069252739814388602
PrefabInstance:
  m_ObjectHideFlags: 0
  serializedVersion: 2
  m_Modification:
    m_TransformParent: {fileID: 0}
    m_Modifications:
    - target: {fileID: 5546605659977810261, guid: 537cd3ed220416142b33992c8fbdbfc6, type: 3}
      propertyPath: m_Name
      value: WaterLine2
      objectReference: {fileID: 0}
    - target: {fileID: 7349228602824436371, guid: 537cd3ed220416142b33992c8fbdbfc6, type: 3}
      propertyPath: m_RootOrder
      value: 13
      objectReference: {fileID: 0}
    - target: {fileID: 7349228602824436371, guid: 537cd3ed220416142b33992c8fbdbfc6, type: 3}
      propertyPath: m_LocalPosition.x
      value: 120
      objectReference: {fileID: 0}
    - target: {fileID: 7349228602824436371, guid: 537cd3ed220416142b33992c8fbdbfc6, type: 3}
      propertyPath: m_LocalPosition.y
      value: 0
      objectReference: {fileID: 0}
    - target: {fileID: 7349228602824436371, guid: 537cd3ed220416142b33992c8fbdbfc6, type: 3}
      propertyPath: m_LocalPosition.z
      value: 0
      objectReference: {fileID: 0}
    - target: {fileID: 7349228602824436371, guid: 537cd3ed220416142b33992c8fbdbfc6, type: 3}
      propertyPath: m_LocalRotation.w
      value: 1
      objectReference: {fileID: 0}
    - target: {fileID: 7349228602824436371, guid: 537cd3ed220416142b33992c8fbdbfc6, type: 3}
      propertyPath: m_LocalRotation.x
      value: 0
      objectReference: {fileID: 0}
    - target: {fileID: 7349228602824436371, guid: 537cd3ed220416142b33992c8fbdbfc6, type: 3}
      propertyPath: m_LocalRotation.y
      value: 0
      objectReference: {fileID: 0}
    - target: {fileID: 7349228602824436371, guid: 537cd3ed220416142b33992c8fbdbfc6, type: 3}
      propertyPath: m_LocalRotation.z
      value: 0
      objectReference: {fileID: 0}
    - target: {fileID: 7349228602824436371, guid: 537cd3ed220416142b33992c8fbdbfc6, type: 3}
      propertyPath: m_LocalEulerAnglesHint.x
      value: 0
      objectReference: {fileID: 0}
    - target: {fileID: 7349228602824436371, guid: 537cd3ed220416142b33992c8fbdbfc6, type: 3}
      propertyPath: m_LocalEulerAnglesHint.y
      value: 0
      objectReference: {fileID: 0}
    - target: {fileID: 7349228602824436371, guid: 537cd3ed220416142b33992c8fbdbfc6, type: 3}
      propertyPath: m_LocalEulerAnglesHint.z
      value: 0
      objectReference: {fileID: 0}
    m_RemovedComponents: []
  m_SourcePrefab: {fileID: 100100000, guid: 537cd3ed220416142b33992c8fbdbfc6, type: 3}
--- !u!1001 &6187505210160294060
PrefabInstance:
  m_ObjectHideFlags: 0
  serializedVersion: 2
  m_Modification:
    m_TransformParent: {fileID: 0}
    m_Modifications:
    - target: {fileID: 4962674827016217971, guid: 6561b6677a351024387bd949be3df966, type: 3}
      propertyPath: m_Name
      value: WaterLine4
      objectReference: {fileID: 0}
    - target: {fileID: 7915853124907601589, guid: 6561b6677a351024387bd949be3df966, type: 3}
      propertyPath: m_RootOrder
      value: 15
      objectReference: {fileID: 0}
    - target: {fileID: 7915853124907601589, guid: 6561b6677a351024387bd949be3df966, type: 3}
      propertyPath: m_LocalPosition.x
      value: 140
      objectReference: {fileID: 0}
    - target: {fileID: 7915853124907601589, guid: 6561b6677a351024387bd949be3df966, type: 3}
      propertyPath: m_LocalPosition.y
      value: 0
      objectReference: {fileID: 0}
    - target: {fileID: 7915853124907601589, guid: 6561b6677a351024387bd949be3df966, type: 3}
      propertyPath: m_LocalPosition.z
      value: 0
      objectReference: {fileID: 0}
    - target: {fileID: 7915853124907601589, guid: 6561b6677a351024387bd949be3df966, type: 3}
      propertyPath: m_LocalRotation.w
      value: 1
      objectReference: {fileID: 0}
    - target: {fileID: 7915853124907601589, guid: 6561b6677a351024387bd949be3df966, type: 3}
      propertyPath: m_LocalRotation.x
      value: 0
      objectReference: {fileID: 0}
    - target: {fileID: 7915853124907601589, guid: 6561b6677a351024387bd949be3df966, type: 3}
      propertyPath: m_LocalRotation.y
      value: 0
      objectReference: {fileID: 0}
    - target: {fileID: 7915853124907601589, guid: 6561b6677a351024387bd949be3df966, type: 3}
      propertyPath: m_LocalRotation.z
      value: 0
      objectReference: {fileID: 0}
    - target: {fileID: 7915853124907601589, guid: 6561b6677a351024387bd949be3df966, type: 3}
      propertyPath: m_LocalEulerAnglesHint.x
      value: 0
      objectReference: {fileID: 0}
    - target: {fileID: 7915853124907601589, guid: 6561b6677a351024387bd949be3df966, type: 3}
      propertyPath: m_LocalEulerAnglesHint.y
      value: 0
      objectReference: {fileID: 0}
    - target: {fileID: 7915853124907601589, guid: 6561b6677a351024387bd949be3df966, type: 3}
      propertyPath: m_LocalEulerAnglesHint.z
      value: 0
      objectReference: {fileID: 0}
    m_RemovedComponents: []
  m_SourcePrefab: {fileID: 100100000, guid: 6561b6677a351024387bd949be3df966, type: 3}
--- !u!1001 &6812302281999463915
PrefabInstance:
  m_ObjectHideFlags: 0
  serializedVersion: 2
  m_Modification:
    m_TransformParent: {fileID: 0}
    m_Modifications:
    - target: {fileID: 3217222735271556502, guid: 97be282f8e8cb6647b45ea342099cf90, type: 3}
      propertyPath: m_Name
      value: GrassLine1
      objectReference: {fileID: 0}
    - target: {fileID: 6127221057758261204, guid: 97be282f8e8cb6647b45ea342099cf90, type: 3}
      propertyPath: m_RootOrder
      value: 3
      objectReference: {fileID: 0}
    - target: {fileID: 6127221057758261204, guid: 97be282f8e8cb6647b45ea342099cf90, type: 3}
      propertyPath: m_LocalPosition.x
      value: 0
      objectReference: {fileID: 0}
    - target: {fileID: 6127221057758261204, guid: 97be282f8e8cb6647b45ea342099cf90, type: 3}
      propertyPath: m_LocalPosition.y
      value: 0
      objectReference: {fileID: 0}
    - target: {fileID: 6127221057758261204, guid: 97be282f8e8cb6647b45ea342099cf90, type: 3}
      propertyPath: m_LocalPosition.z
      value: 0
      objectReference: {fileID: 0}
    - target: {fileID: 6127221057758261204, guid: 97be282f8e8cb6647b45ea342099cf90, type: 3}
      propertyPath: m_LocalRotation.w
      value: 1
      objectReference: {fileID: 0}
    - target: {fileID: 6127221057758261204, guid: 97be282f8e8cb6647b45ea342099cf90, type: 3}
      propertyPath: m_LocalRotation.x
      value: 0
      objectReference: {fileID: 0}
    - target: {fileID: 6127221057758261204, guid: 97be282f8e8cb6647b45ea342099cf90, type: 3}
      propertyPath: m_LocalRotation.y
      value: 0
      objectReference: {fileID: 0}
    - target: {fileID: 6127221057758261204, guid: 97be282f8e8cb6647b45ea342099cf90, type: 3}
      propertyPath: m_LocalRotation.z
      value: 0
      objectReference: {fileID: 0}
    - target: {fileID: 6127221057758261204, guid: 97be282f8e8cb6647b45ea342099cf90, type: 3}
      propertyPath: m_LocalEulerAnglesHint.x
      value: 0
      objectReference: {fileID: 0}
    - target: {fileID: 6127221057758261204, guid: 97be282f8e8cb6647b45ea342099cf90, type: 3}
      propertyPath: m_LocalEulerAnglesHint.y
      value: 0
      objectReference: {fileID: 0}
    - target: {fileID: 6127221057758261204, guid: 97be282f8e8cb6647b45ea342099cf90, type: 3}
      propertyPath: m_LocalEulerAnglesHint.z
      value: 0
      objectReference: {fileID: 0}
    m_RemovedComponents: []
  m_SourcePrefab: {fileID: 100100000, guid: 97be282f8e8cb6647b45ea342099cf90, type: 3}
--- !u!1001 &7323420442951553093
PrefabInstance:
  m_ObjectHideFlags: 0
  serializedVersion: 2
  m_Modification:
    m_TransformParent: {fileID: 0}
    m_Modifications:
    - target: {fileID: 1952601174294197955, guid: a5b5cfb2036dae145b44b54e16e853ca, type: 3}
      propertyPath: m_Name
      value: LimitLine
      objectReference: {fileID: 0}
    - target: {fileID: 4399784759250184740, guid: a5b5cfb2036dae145b44b54e16e853ca, type: 3}
      propertyPath: m_RootOrder
      value: 2
      objectReference: {fileID: 0}
    - target: {fileID: 4399784759250184740, guid: a5b5cfb2036dae145b44b54e16e853ca, type: 3}
      propertyPath: m_LocalPosition.x
      value: -2
      objectReference: {fileID: 0}
    - target: {fileID: 4399784759250184740, guid: a5b5cfb2036dae145b44b54e16e853ca, type: 3}
      propertyPath: m_LocalPosition.y
      value: 0.5
      objectReference: {fileID: 0}
    - target: {fileID: 4399784759250184740, guid: a5b5cfb2036dae145b44b54e16e853ca, type: 3}
      propertyPath: m_LocalPosition.z
      value: -15
      objectReference: {fileID: 0}
    - target: {fileID: 4399784759250184740, guid: a5b5cfb2036dae145b44b54e16e853ca, type: 3}
      propertyPath: m_LocalRotation.w
      value: 0.7071068
      objectReference: {fileID: 0}
    - target: {fileID: 4399784759250184740, guid: a5b5cfb2036dae145b44b54e16e853ca, type: 3}
      propertyPath: m_LocalRotation.x
      value: 0.7071068
      objectReference: {fileID: 0}
    - target: {fileID: 4399784759250184740, guid: a5b5cfb2036dae145b44b54e16e853ca, type: 3}
      propertyPath: m_LocalRotation.y
      value: 0
      objectReference: {fileID: 0}
    - target: {fileID: 4399784759250184740, guid: a5b5cfb2036dae145b44b54e16e853ca, type: 3}
      propertyPath: m_LocalRotation.z
      value: 0
      objectReference: {fileID: 0}
    - target: {fileID: 4399784759250184740, guid: a5b5cfb2036dae145b44b54e16e853ca, type: 3}
      propertyPath: m_LocalEulerAnglesHint.x
      value: 90
      objectReference: {fileID: 0}
    - target: {fileID: 4399784759250184740, guid: a5b5cfb2036dae145b44b54e16e853ca, type: 3}
      propertyPath: m_LocalEulerAnglesHint.y
      value: 0
      objectReference: {fileID: 0}
    - target: {fileID: 4399784759250184740, guid: a5b5cfb2036dae145b44b54e16e853ca, type: 3}
      propertyPath: m_LocalEulerAnglesHint.z
      value: 0
      objectReference: {fileID: 0}
    m_RemovedComponents: []
  m_SourcePrefab: {fileID: 100100000, guid: a5b5cfb2036dae145b44b54e16e853ca, type: 3}
--- !u!1001 &7369418765557607017
PrefabInstance:
  m_ObjectHideFlags: 0
  serializedVersion: 2
  m_Modification:
    m_TransformParent: {fileID: 0}
    m_Modifications:
    - target: {fileID: 920990683234396975, guid: 07731d4532fa2dd4c984be9ed1fdab15, type: 3}
      propertyPath: m_RootOrder
      value: 6
      objectReference: {fileID: 0}
    - target: {fileID: 920990683234396975, guid: 07731d4532fa2dd4c984be9ed1fdab15, type: 3}
      propertyPath: m_LocalPosition.x
      value: 30
      objectReference: {fileID: 0}
    - target: {fileID: 920990683234396975, guid: 07731d4532fa2dd4c984be9ed1fdab15, type: 3}
      propertyPath: m_LocalPosition.y
      value: 0
      objectReference: {fileID: 0}
    - target: {fileID: 920990683234396975, guid: 07731d4532fa2dd4c984be9ed1fdab15, type: 3}
      propertyPath: m_LocalPosition.z
      value: 0
      objectReference: {fileID: 0}
    - target: {fileID: 920990683234396975, guid: 07731d4532fa2dd4c984be9ed1fdab15, type: 3}
      propertyPath: m_LocalRotation.w
      value: 1
      objectReference: {fileID: 0}
    - target: {fileID: 920990683234396975, guid: 07731d4532fa2dd4c984be9ed1fdab15, type: 3}
      propertyPath: m_LocalRotation.x
      value: 0
      objectReference: {fileID: 0}
    - target: {fileID: 920990683234396975, guid: 07731d4532fa2dd4c984be9ed1fdab15, type: 3}
      propertyPath: m_LocalRotation.y
      value: 0
      objectReference: {fileID: 0}
    - target: {fileID: 920990683234396975, guid: 07731d4532fa2dd4c984be9ed1fdab15, type: 3}
      propertyPath: m_LocalRotation.z
      value: 0
      objectReference: {fileID: 0}
    - target: {fileID: 920990683234396975, guid: 07731d4532fa2dd4c984be9ed1fdab15, type: 3}
      propertyPath: m_LocalEulerAnglesHint.x
      value: 0
      objectReference: {fileID: 0}
    - target: {fileID: 920990683234396975, guid: 07731d4532fa2dd4c984be9ed1fdab15, type: 3}
      propertyPath: m_LocalEulerAnglesHint.y
      value: 0
      objectReference: {fileID: 0}
    - target: {fileID: 920990683234396975, guid: 07731d4532fa2dd4c984be9ed1fdab15, type: 3}
      propertyPath: m_LocalEulerAnglesHint.z
      value: 0
      objectReference: {fileID: 0}
    - target: {fileID: 2834929270929741501, guid: 07731d4532fa2dd4c984be9ed1fdab15, type: 3}
      propertyPath: m_Name
      value: GrassLine4
      objectReference: {fileID: 0}
    m_RemovedComponents: []
  m_SourcePrefab: {fileID: 100100000, guid: 07731d4532fa2dd4c984be9ed1fdab15, type: 3}
--- !u!1001 &7550344664997890286
PrefabInstance:
  m_ObjectHideFlags: 0
  serializedVersion: 2
  m_Modification:
    m_TransformParent: {fileID: 0}
    m_Modifications:
    - target: {fileID: 5229205822361332611, guid: 538cf3d89a6408d4aae04922a24dac79, type: 3}
      propertyPath: m_RootOrder
      value: 7
      objectReference: {fileID: 0}
    - target: {fileID: 5229205822361332611, guid: 538cf3d89a6408d4aae04922a24dac79, type: 3}
      propertyPath: m_LocalPosition.x
      value: 40
      objectReference: {fileID: 0}
    - target: {fileID: 5229205822361332611, guid: 538cf3d89a6408d4aae04922a24dac79, type: 3}
      propertyPath: m_LocalPosition.y
      value: 0
      objectReference: {fileID: 0}
    - target: {fileID: 5229205822361332611, guid: 538cf3d89a6408d4aae04922a24dac79, type: 3}
      propertyPath: m_LocalPosition.z
      value: 0
      objectReference: {fileID: 0}
    - target: {fileID: 5229205822361332611, guid: 538cf3d89a6408d4aae04922a24dac79, type: 3}
      propertyPath: m_LocalRotation.w
      value: 1
      objectReference: {fileID: 0}
    - target: {fileID: 5229205822361332611, guid: 538cf3d89a6408d4aae04922a24dac79, type: 3}
      propertyPath: m_LocalRotation.x
      value: 0
      objectReference: {fileID: 0}
    - target: {fileID: 5229205822361332611, guid: 538cf3d89a6408d4aae04922a24dac79, type: 3}
      propertyPath: m_LocalRotation.y
      value: 0
      objectReference: {fileID: 0}
    - target: {fileID: 5229205822361332611, guid: 538cf3d89a6408d4aae04922a24dac79, type: 3}
      propertyPath: m_LocalRotation.z
      value: 0
      objectReference: {fileID: 0}
    - target: {fileID: 5229205822361332611, guid: 538cf3d89a6408d4aae04922a24dac79, type: 3}
      propertyPath: m_LocalEulerAnglesHint.x
      value: 0
      objectReference: {fileID: 0}
    - target: {fileID: 5229205822361332611, guid: 538cf3d89a6408d4aae04922a24dac79, type: 3}
      propertyPath: m_LocalEulerAnglesHint.y
      value: 0
      objectReference: {fileID: 0}
    - target: {fileID: 5229205822361332611, guid: 538cf3d89a6408d4aae04922a24dac79, type: 3}
      propertyPath: m_LocalEulerAnglesHint.z
      value: 0
      objectReference: {fileID: 0}
    - target: {fileID: 7137761198732138001, guid: 538cf3d89a6408d4aae04922a24dac79, type: 3}
      propertyPath: m_Name
      value: GrassLine5
      objectReference: {fileID: 0}
    m_RemovedComponents: []
  m_SourcePrefab: {fileID: 100100000, guid: 538cf3d89a6408d4aae04922a24dac79, type: 3}
--- !u!1001 &7855936204684774485
PrefabInstance:
  m_ObjectHideFlags: 0
  serializedVersion: 2
  m_Modification:
    m_TransformParent: {fileID: 0}
    m_Modifications:
    - target: {fileID: 359515852977725119, guid: 76121bc3c3c229e488146b24ceda184a, type: 3}
      propertyPath: m_Enabled
      value: 1
      objectReference: {fileID: 0}
    - target: {fileID: 574399326126706498, guid: 76121bc3c3c229e488146b24ceda184a, type: 3}
      propertyPath: m_Enabled
      value: 1
      objectReference: {fileID: 0}
    - target: {fileID: 946364985061163209, guid: 76121bc3c3c229e488146b24ceda184a, type: 3}
      propertyPath: m_Enabled
      value: 1
      objectReference: {fileID: 0}
    - target: {fileID: 1336235002816194153, guid: 76121bc3c3c229e488146b24ceda184a, type: 3}
      propertyPath: m_Enabled
      value: 1
      objectReference: {fileID: 0}
    - target: {fileID: 1435473821029609836, guid: 76121bc3c3c229e488146b24ceda184a, type: 3}
      propertyPath: m_Enabled
      value: 1
      objectReference: {fileID: 0}
    - target: {fileID: 1494289710211227095, guid: 76121bc3c3c229e488146b24ceda184a, type: 3}
      propertyPath: m_Enabled
      value: 1
      objectReference: {fileID: 0}
    - target: {fileID: 1842851721036491046, guid: 76121bc3c3c229e488146b24ceda184a, type: 3}
      propertyPath: m_Enabled
      value: 1
      objectReference: {fileID: 0}
    - target: {fileID: 2468009618815278250, guid: 76121bc3c3c229e488146b24ceda184a, type: 3}
      propertyPath: m_Enabled
      value: 1
      objectReference: {fileID: 0}
    - target: {fileID: 2824333028924975517, guid: 76121bc3c3c229e488146b24ceda184a, type: 3}
      propertyPath: m_Enabled
      value: 1
      objectReference: {fileID: 0}
    - target: {fileID: 2835466578025255925, guid: 76121bc3c3c229e488146b24ceda184a, type: 3}
      propertyPath: m_Enabled
      value: 1
      objectReference: {fileID: 0}
    - target: {fileID: 2944818917814911646, guid: 76121bc3c3c229e488146b24ceda184a, type: 3}
      propertyPath: m_Enabled
      value: 1
      objectReference: {fileID: 0}
    - target: {fileID: 3172357677700388772, guid: 76121bc3c3c229e488146b24ceda184a, type: 3}
      propertyPath: m_Enabled
      value: 1
      objectReference: {fileID: 0}
    - target: {fileID: 3351907533661428853, guid: 76121bc3c3c229e488146b24ceda184a, type: 3}
      propertyPath: m_Enabled
      value: 1
      objectReference: {fileID: 0}
    - target: {fileID: 3518987850055346893, guid: 76121bc3c3c229e488146b24ceda184a, type: 3}
      propertyPath: m_Enabled
      value: 1
      objectReference: {fileID: 0}
    - target: {fileID: 3554735317291422073, guid: 76121bc3c3c229e488146b24ceda184a, type: 3}
      propertyPath: m_Enabled
      value: 1
      objectReference: {fileID: 0}
    - target: {fileID: 3668296643292889757, guid: 76121bc3c3c229e488146b24ceda184a, type: 3}
      propertyPath: m_Enabled
      value: 1
      objectReference: {fileID: 0}
    - target: {fileID: 3680571152909511663, guid: 76121bc3c3c229e488146b24ceda184a, type: 3}
      propertyPath: m_Name
      value: ColliderLine
      objectReference: {fileID: 0}
    - target: {fileID: 4125137545159859590, guid: 76121bc3c3c229e488146b24ceda184a, type: 3}
      propertyPath: m_Enabled
      value: 1
      objectReference: {fileID: 0}
    - target: {fileID: 4214823568506142078, guid: 76121bc3c3c229e488146b24ceda184a, type: 3}
      propertyPath: m_Enabled
      value: 1
      objectReference: {fileID: 0}
    - target: {fileID: 4252271500909500621, guid: 76121bc3c3c229e488146b24ceda184a, type: 3}
      propertyPath: m_Enabled
      value: 1
      objectReference: {fileID: 0}
    - target: {fileID: 4419464777031368936, guid: 76121bc3c3c229e488146b24ceda184a, type: 3}
      propertyPath: m_Enabled
      value: 1
      objectReference: {fileID: 0}
    - target: {fileID: 5284902092306935553, guid: 76121bc3c3c229e488146b24ceda184a, type: 3}
      propertyPath: m_Enabled
      value: 1
      objectReference: {fileID: 0}
    - target: {fileID: 5319529887256762062, guid: 76121bc3c3c229e488146b24ceda184a, type: 3}
      propertyPath: m_Enabled
      value: 1
      objectReference: {fileID: 0}
    - target: {fileID: 5930438777628154062, guid: 76121bc3c3c229e488146b24ceda184a, type: 3}
      propertyPath: m_RootOrder
      value: 17
      objectReference: {fileID: 0}
    - target: {fileID: 5930438777628154062, guid: 76121bc3c3c229e488146b24ceda184a, type: 3}
      propertyPath: m_LocalPosition.x
      value: -19.5
      objectReference: {fileID: 0}
    - target: {fileID: 5930438777628154062, guid: 76121bc3c3c229e488146b24ceda184a, type: 3}
      propertyPath: m_LocalPosition.y
      value: 0.5
      objectReference: {fileID: 0}
    - target: {fileID: 5930438777628154062, guid: 76121bc3c3c229e488146b24ceda184a, type: 3}
      propertyPath: m_LocalPosition.z
      value: -15
      objectReference: {fileID: 0}
    - target: {fileID: 5930438777628154062, guid: 76121bc3c3c229e488146b24ceda184a, type: 3}
      propertyPath: m_LocalRotation.w
      value: 1
      objectReference: {fileID: 0}
    - target: {fileID: 5930438777628154062, guid: 76121bc3c3c229e488146b24ceda184a, type: 3}
      propertyPath: m_LocalRotation.x
      value: -0
      objectReference: {fileID: 0}
    - target: {fileID: 5930438777628154062, guid: 76121bc3c3c229e488146b24ceda184a, type: 3}
      propertyPath: m_LocalRotation.y
      value: -0
      objectReference: {fileID: 0}
    - target: {fileID: 5930438777628154062, guid: 76121bc3c3c229e488146b24ceda184a, type: 3}
      propertyPath: m_LocalRotation.z
      value: -0
      objectReference: {fileID: 0}
    - target: {fileID: 5930438777628154062, guid: 76121bc3c3c229e488146b24ceda184a, type: 3}
      propertyPath: m_LocalEulerAnglesHint.x
      value: 0
      objectReference: {fileID: 0}
    - target: {fileID: 5930438777628154062, guid: 76121bc3c3c229e488146b24ceda184a, type: 3}
      propertyPath: m_LocalEulerAnglesHint.y
      value: 0
      objectReference: {fileID: 0}
    - target: {fileID: 5930438777628154062, guid: 76121bc3c3c229e488146b24ceda184a, type: 3}
      propertyPath: m_LocalEulerAnglesHint.z
      value: 0
      objectReference: {fileID: 0}
    - target: {fileID: 6329772718377790516, guid: 76121bc3c3c229e488146b24ceda184a, type: 3}
      propertyPath: m_Enabled
      value: 1
      objectReference: {fileID: 0}
    - target: {fileID: 6660688220740053023, guid: 76121bc3c3c229e488146b24ceda184a, type: 3}
      propertyPath: m_Enabled
      value: 1
      objectReference: {fileID: 0}
    - target: {fileID: 6725894833281494383, guid: 76121bc3c3c229e488146b24ceda184a, type: 3}
      propertyPath: m_Enabled
      value: 1
      objectReference: {fileID: 0}
    - target: {fileID: 6768057277744857071, guid: 76121bc3c3c229e488146b24ceda184a, type: 3}
      propertyPath: m_Enabled
      value: 1
      objectReference: {fileID: 0}
    - target: {fileID: 7014249686950313628, guid: 76121bc3c3c229e488146b24ceda184a, type: 3}
      propertyPath: m_Enabled
      value: 1
      objectReference: {fileID: 0}
    - target: {fileID: 7234828950583652391, guid: 76121bc3c3c229e488146b24ceda184a, type: 3}
      propertyPath: m_Enabled
      value: 1
      objectReference: {fileID: 0}
    - target: {fileID: 7521067646781691240, guid: 76121bc3c3c229e488146b24ceda184a, type: 3}
      propertyPath: m_Enabled
      value: 1
      objectReference: {fileID: 0}
    - target: {fileID: 9045416306536811012, guid: 76121bc3c3c229e488146b24ceda184a, type: 3}
      propertyPath: m_Enabled
      value: 1
      objectReference: {fileID: 0}
    m_RemovedComponents: []
  m_SourcePrefab: {fileID: 100100000, guid: 76121bc3c3c229e488146b24ceda184a, type: 3}
--- !u!1001 &8724868719313672745
PrefabInstance:
  m_ObjectHideFlags: 0
  serializedVersion: 2
  m_Modification:
    m_TransformParent: {fileID: 0}
    m_Modifications:
    - target: {fileID: 4373387776727714564, guid: 3e595bd7d5e3d7b40ac34f23ce75318d, type: 3}
      propertyPath: m_Name
      value: GrassLine3
      objectReference: {fileID: 0}
    - target: {fileID: 5977818013249897973, guid: 3e595bd7d5e3d7b40ac34f23ce75318d, type: 3}
      propertyPath: m_RootOrder
      value: 5
      objectReference: {fileID: 0}
    - target: {fileID: 5977818013249897973, guid: 3e595bd7d5e3d7b40ac34f23ce75318d, type: 3}
      propertyPath: m_LocalPosition.x
      value: 20
      objectReference: {fileID: 0}
    - target: {fileID: 5977818013249897973, guid: 3e595bd7d5e3d7b40ac34f23ce75318d, type: 3}
      propertyPath: m_LocalPosition.y
      value: 0
      objectReference: {fileID: 0}
    - target: {fileID: 5977818013249897973, guid: 3e595bd7d5e3d7b40ac34f23ce75318d, type: 3}
      propertyPath: m_LocalPosition.z
      value: 0
      objectReference: {fileID: 0}
    - target: {fileID: 5977818013249897973, guid: 3e595bd7d5e3d7b40ac34f23ce75318d, type: 3}
      propertyPath: m_LocalRotation.w
      value: 1
      objectReference: {fileID: 0}
    - target: {fileID: 5977818013249897973, guid: 3e595bd7d5e3d7b40ac34f23ce75318d, type: 3}
      propertyPath: m_LocalRotation.x
      value: 0
      objectReference: {fileID: 0}
    - target: {fileID: 5977818013249897973, guid: 3e595bd7d5e3d7b40ac34f23ce75318d, type: 3}
      propertyPath: m_LocalRotation.y
      value: 0
      objectReference: {fileID: 0}
    - target: {fileID: 5977818013249897973, guid: 3e595bd7d5e3d7b40ac34f23ce75318d, type: 3}
      propertyPath: m_LocalRotation.z
      value: 0
      objectReference: {fileID: 0}
    - target: {fileID: 5977818013249897973, guid: 3e595bd7d5e3d7b40ac34f23ce75318d, type: 3}
      propertyPath: m_LocalEulerAnglesHint.x
      value: 0
      objectReference: {fileID: 0}
    - target: {fileID: 5977818013249897973, guid: 3e595bd7d5e3d7b40ac34f23ce75318d, type: 3}
      propertyPath: m_LocalEulerAnglesHint.y
      value: 0
      objectReference: {fileID: 0}
    - target: {fileID: 5977818013249897973, guid: 3e595bd7d5e3d7b40ac34f23ce75318d, type: 3}
      propertyPath: m_LocalEulerAnglesHint.z
      value: 0
      objectReference: {fileID: 0}
    m_RemovedComponents: []
  m_SourcePrefab: {fileID: 100100000, guid: 3e595bd7d5e3d7b40ac34f23ce75318d, type: 3}
